,price,unix_time,volume
0,138.54117058823527,1563198000000,1001
1,138.54398,1563198001000,128
2,138.5512111111111,1563198002000,670
3,138.55084285714284,1563198003000,642
4,138.54595833333335,1563198004000,788
5,138.55651,1563198005000,4791
6,138.54730769230767,1563198006000,1245
7,138.555,1563198007000,100
8,138.555,1563198008000,1
9,138.5544,1563198009000,14
10,138.55363333333335,1563198010000,87
11,138.5575,1563198011000,21
12,138.6081481481481,1563198012000,2991
13,138.60905,1563198013000,177
14,138.62443846153846,1563198014000,1134
15,138.6267,1563198015000,575
16,138.6181,1563198016000,80
17,138.615,1563198017000,127
18,138.62105,1563198018000,211
19,138.64142857142855,1563198019000,5510
20,138.64194736842109,1563198020000,2087
21,138.665,1563198021000,510
22,138.6673,1563198022000,150
23,138.6628,1563198023000,306
24,138.67145384615384,1563198024000,1256
25,138.68250000000003,1563198025000,2413
26,138.7009,1563198026000,831
27,138.68165,1563198027000,1976
28,138.68155172413793,1563198028000,2473
29,138.71808750000002,1563198029000,1351
30,138.67814814814813,1563198030000,2807
31,138.68212499999998,1563198031000,164
32,138.684275,1563198032000,1018
33,138.67,1563198033000,10000
34,138.67649090909092,1563198034000,700
35,138.67418333333333,1563198035000,218
36,138.66920000000002,1563198036000,1277
37,138.66668571428573,1563198037000,1430
38,138.68699000000004,1563198038000,776
39,138.67205,1563198039000,100
40,138.67333333333335,1563198040000,104
41,138.676075,1563198041000,1810
42,138.69184749999988,1563198042000,3690
43,138.69968181818183,1563198043000,837
44,138.70695384615385,1563198044000,2958
45,138.7197875,1563198045000,998
46,138.7431352272727,1563198046000,11601
47,138.72114444444446,1563198047000,1050
48,138.7203,1563198048000,1146
49,138.71939230769232,1563198049000,1930
50,138.72746,1563198050000,560
51,138.73,1563198051000,15
52,138.725,1563198052000,100
53,138.74270270270264,1563198053000,3316
54,138.75136363636364,1563198054000,415
55,138.73915000000002,1563198055000,465
56,138.74285714285716,1563198056000,627
57,138.755,1563198057000,1107
58,138.75986842105272,1563198058000,5734
59,138.76569230769232,1563198059000,5106
60,138.74951904761903,1563198060000,1842
61,138.74911428571428,1563198061000,2100
62,138.7493875,1563198062000,611
63,138.752,1563198063000,461
64,138.75474666666668,1563198064000,1842
65,138.75681153846165,1563198065000,2484
66,138.76,1563198066000,243
67,138.755,1563198067000,33
68,138.7562,1563198068000,7
69,138.755,1563198069000,300
70,138.755,1563198070000,1100
71,138.75961538461536,1563198071000,1289
72,138.81235294117647,1563198072000,2056
73,138.76,1563198073000,224
74,138.76799999999997,1563198074000,338
75,138.75954545454545,1563198075000,797
76,138.75525600000006,1563198076000,2633
77,138.76,1563198077000,100
78,138.7481857142857,1563198078000,335
79,138.76017241379316,1563198079000,2220
80,138.76799999999997,1563198080000,417
81,138.76409999999998,1563198081000,85
82,138.77,1563198082000,26
83,138.82708333333335,1563198083000,800
84,138.76333333333332,1563198084000,1228
85,138.78045384615385,1563198085000,917
86,138.78,1563198086000,200
87,138.78,1563198087000,355
88,138.7755,1563198088000,29
89,138.7899,1563198089000,2
90,138.78311000000002,1563198090000,3539
91,138.7853,1563198091000,220
92,138.78151176470587,1563198092000,1532
93,138.77951249999998,1563198093000,723
94,138.7742826086958,1563198094000,3138
95,138.765,1563198095000,123
96,138.76009000000005,1563198096000,5810
97,138.75375,1563198097000,73
98,138.77216666666666,1563198098000,631
99,138.7802833333333,1563198099000,761
100,138.78336666666667,1563198100000,892
101,138.80071428571435,1563198101000,3012
102,138.82,1563198102000,1
103,138.8215384615384,1563198103000,2549
104,138.835,1563198104000,48
105,138.83562857142857,1563198105000,2838
106,138.835125,1563198106000,612
107,138.82886428571427,1563198107000,1408
108,138.81776,1563198108000,483
109,138.825,1563198109000,518
110,138.82049999999998,1563198110000,814
111,138.82049999999998,1563198111000,828
112,138.7999615384616,1563198112000,16319
113,138.775,1563198113000,2422
114,138.7681714285714,1563198114000,695
115,138.765,1563198115000,11
116,138.77,1563198116000,799
117,138.77,1563198117000,142
118,138.7725,1563198118000,210
119,138.767,1563198119000,23
120,138.75911176470586,1563198120000,1996
121,138.749693877551,1563198121000,11768
122,138.75566923076923,1563198122000,2051
123,138.7575,1563198123000,57
124,138.75071428571428,1563198124000,910
125,138.755,1563198125000,205
126,138.75979999999996,1563198126000,1101
127,138.75074999999998,1563198127000,6212
128,138.75457999999998,1563198128000,1119
129,138.75775555555558,1563198129000,928
130,138.755,1563198130000,5
131,138.76285714285711,1563198131000,1489
132,138.747127027027,1563198132000,5622
133,138.73147142857144,1563198133000,1371
134,138.725,1563198134000,7
135,138.72028,1563198135000,2201
136,138.72225,1563198136000,139
137,138.72263333333333,1563198137000,75
138,138.73,1563198138000,30
139,138.71164062499992,1563198139000,5336
140,138.71175675675667,1563198140000,3593
141,138.7225,1563198141000,102
142,138.7282,1563198142000,336
143,138.72714285714287,1563198143000,598
144,138.65,1563198144000,10
145,138.72779999999997,1563198145000,2005
146,138.719,1563198146000,129
147,138.7245,1563198147000,122
148,138.7254,1563198148000,353
149,138.725,1563198149000,3
150,138.725,1563198150000,2
151,138.72099,1563198151000,732
152,138.7233,1563198152000,1218
153,138.72007333333335,1563198153000,476
154,138.72166666666666,1563198154000,407
155,138.73,1563198155000,1525
156,138.72632941176468,1563198156000,1155
157,138.72247499999997,1563198157000,134
158,138.725,1563198158000,5
159,138.725,1563198159000,100
160,138.725,1563198160000,120
161,138.72865,1563198161000,301
162,138.73434210526315,1563198162000,1998
163,138.7375,1563198163000,123
164,138.72678571428568,1563198164000,2952
165,138.7025,1563198165000,91
166,138.7,1563198166000,158
167,138.70675,1563198167000,200
168,138.69298181818178,1563198168000,955
169,138.6775,1563198169000,702
170,138.67,1563198170000,100
171,138.6689,1563198171000,791
172,138.6597,1563198172000,600
173,138.6525,1563198173000,105
174,138.65463333333332,1563198174000,371
175,138.65875000000003,1563198175000,1894
176,138.67,1563198176000,1186
177,138.67216666666664,1563198177000,12
178,138.68137500000003,1563198178000,1138
179,138.695,1563198179000,18
180,138.695,1563198180000,368
181,138.69678,1563198181000,73
182,138.67470588235295,1563198182000,1357
183,138.66,1563198183000,104
184,138.6539,1563198184000,414
185,138.65000000000006,1563198185000,1624
186,138.64299166666663,1563198186000,423
187,138.678,1563198187000,200
188,138.64880555555558,1563198188000,870
189,138.635,1563198189000,393
190,138.641,1563198190000,450
191,138.646175,1563198191000,1057
192,138.64146666666667,1563198192000,3014
193,138.64896250000007,1563198193000,3054
194,138.66,1563198194000,100
195,138.65011764705886,1563198195000,330
196,138.66384615384618,1563198196000,1362
197,138.68,1563198197000,1
198,138.6799,1563198198000,5
199,138.67055555555555,1563198199000,606
200,138.67172499999998,1563198200000,360
201,138.67883333333333,1563198201000,3405
202,138.675,1563198202000,2
203,138.67714285714285,1563198203000,974
204,138.69949000000003,1563198204000,935
205,138.73582439024392,1563198205000,3231
206,138.75105000000002,1563198206000,1046
207,138.75,1563198207000,769
208,138.73000000000002,1563198208000,701
209,138.72099999999998,1563198209000,950
210,138.725,1563198210000,200
211,138.73,1563198211000,20
212,138.73,1563198212000,27
213,138.73318181818183,1563198213000,578
214,138.74665,1563198214000,105
215,138.74954545454545,1563198215000,542
216,138.7525,1563198216000,103
217,138.75,1563198217000,100
218,138.74966,1563198218000,1245
219,138.74,1563198219000,100
220,138.7434,1563198220000,212
221,138.75,1563198221000,1
222,138.75064444444445,1563198222000,857
223,138.76,1563198223000,5
224,138.76,1563198224000,76
225,138.760684,1563198225000,3761
226,138.77,1563198226000,1317
227,138.77685,1563198227000,1180
228,138.775,1563198228000,20
229,138.76269230769228,1563198229000,1156
230,138.7593,1563198230000,271
231,138.76749999999998,1563198231000,433
232,138.77,1563198232000,100
233,138.76749999999998,1563198233000,400
234,138.765,1563198234000,72
235,138.7703,1563198235000,828
236,138.76749999999998,1563198236000,101
237,138.76333333333332,1563198237000,382
238,138.7644,1563198238000,106
239,138.75312727272723,1563198239000,1880
240,138.74,1563198240000,15
241,138.735,1563198241000,6
242,138.7373,1563198242000,308
243,138.72861538461538,1563198243000,775
244,138.70733333333334,1563198244000,715
245,138.70123750000002,1563198245000,597
246,138.71344615384618,1563198246000,754
247,138.73249285714286,1563198247000,1043
248,138.7301857142857,1563198248000,1200
249,138.73944444444442,1563198249000,1941
250,138.7275,1563198250000,305
251,138.72,1563198251000,1
252,138.71380000000002,1563198252000,851
253,138.71633333333332,1563198253000,601
254,138.72072500000002,1563198254000,397
255,138.7276923076923,1563198255000,778
256,138.74,1563198256000,100
257,138.73250000000002,1563198257000,58
258,138.7364,1563198258000,10
259,138.735,1563198259000,2
260,138.735,1563198260000,110
261,138.72889230769232,1563198261000,660
262,138.73,1563198262000,935
263,138.74,1563198263000,1
264,138.74,1563198264000,55
265,138.7398,1563198265000,20
266,138.74062499999994,1563198266000,2025
267,138.7425,1563198267000,498
268,138.7418,1563198268000,200
269,138.745,1563198269000,11
270,138.74386666666666,1563198270000,202
271,138.7489,1563198271000,502
272,138.74571428571429,1563198272000,1400
273,138.74425000000002,1563198273000,111
274,138.75058823529412,1563198274000,1328
275,138.73700000000002,1563198275000,736
276,138.72615384615384,1563198276000,1097
277,138.72566666666665,1563198277000,1036
278,138.72666666666666,1563198278000,32
279,138.72567272727272,1563198279000,2368
280,138.72215714285716,1563198280000,712
281,138.71944444444446,1563198281000,872
282,138.71575,1563198282000,96
283,138.719,1563198283000,194
284,138.7199,1563198284000,7
285,138.7086111111111,1563198285000,1948
286,138.7060125,1563198286000,710
287,138.705,1563198287000,1
288,138.71071428571432,1563198288000,1442
289,138.7116,1563198289000,136
290,138.7129,1563198290000,85
291,138.710045,1563198291000,1703
292,138.70466666666667,1563198292000,173
293,138.705,1563198293000,2
294,138.70690000000002,1563198294000,350
295,138.705,1563198295000,2
296,138.7,1563198296000,25
297,138.7049,1563198297000,300
298,138.705,1563198298000,142
299,138.705,1563198299000,115
300,138.7019718309859,1563198300000,3969
301,138.69148387096777,1563198301000,2963
302,138.689375,1563198302000,1053
303,138.69285714285715,1563198303000,675
304,138.69011111111115,1563198304000,495
305,138.68805,1563198305000,520
306,138.67304761904765,1563198306000,6634
307,138.67474347826087,1563198307000,1269
308,138.70333333333326,1563198308000,16996
309,138.69526315789474,1563198309000,1807
310,138.70478823529407,1563198310000,1608
311,138.6875,1563198311000,720
312,138.695,1563198312000,2381
313,138.6884441176471,1563198313000,2599
314,138.68727272727276,1563198314000,2480
315,138.66704090909087,1563198315000,2055
316,138.64954047619054,1563198316000,5827
317,138.65605263157897,1563198317000,1746
318,138.655,1563198318000,182
319,138.66000000000003,1563198319000,1417
320,138.67679285714289,1563198320000,1128
321,138.6856,1563198321000,216
322,138.6823153846154,1563198322000,1919
323,138.685,1563198323000,4
324,138.690075862069,1563198324000,2223
325,138.685,1563198325000,211
326,138.6925,1563198326000,119
327,138.695,1563198327000,12
328,138.69115384615387,1563198328000,800
329,138.68,1563198329000,122
330,138.679975,1563198330000,113
331,138.67,1563198331000,100
332,138.67300000000003,1563198332000,965
333,138.6799,1563198333000,1
334,138.68,1563198334000,1
335,138.67299999999997,1563198335000,220
336,138.67804999999998,1563198336000,147
337,138.67,1563198337000,64
338,138.67,1563198338000,491
339,138.67,1563198339000,282
340,138.6667,1563198340000,75
341,138.64841111111113,1563198341000,1273
342,138.65879,1563198342000,3224
343,138.68413043478265,1563198343000,1601
344,138.700975,1563198344000,779
345,138.7146875,1563198345000,1820
346,138.7175,1563198346000,449
347,138.7315384615385,1563198347000,1269
348,138.73941176470586,1563198348000,1676
349,138.7433,1563198349000,91
350,138.74166666666667,1563198350000,109
351,138.7401,1563198351000,18
352,138.75045555555556,1563198352000,1706
353,138.75,1563198353000,100
354,138.7595285714286,1563198354000,5193
355,138.765,1563198355000,332
356,138.76254999999998,1563198356000,1520
357,138.75842105263158,1563198357000,1892
358,138.75446666666667,1563198358000,14
359,138.76,1563198359000,5
360,138.75321428571428,1563198360000,3168
361,138.72916666666666,1563198361000,301
362,138.729,1563198362000,25
363,138.72545,1563198363000,450
364,138.70765306122433,1563198364000,3994
365,138.70653333333334,1563198365000,136
366,138.70793333333333,1563198366000,361
367,138.705,1563198367000,1
368,138.69863636363635,1563198368000,608
369,138.695,1563198369000,385
370,138.7031,1563198370000,1365
371,138.7087892857143,1563198371000,2558
372,138.68953333333334,1563198372000,739
373,138.6875,1563198373000,101
374,138.68062500000002,1563198374000,653
375,138.67498750000001,1563198375000,2209
376,138.66833333333332,1563198376000,635
377,138.66995,1563198377000,21
378,138.6767392857142,1563198378000,1561
379,138.69000000000003,1563198379000,818
380,138.69,1563198380000,100
381,138.69133333333332,1563198381000,238
382,138.69000000000003,1563198382000,793
383,138.68928571428575,1563198383000,1291
384,138.6807142857143,1563198384000,756
385,138.685,1563198385000,132
386,138.69164545454547,1563198386000,579
387,138.69633333333334,1563198387000,840
388,138.69997857142852,1563198388000,2114
389,138.6999,1563198389000,4
390,138.6968,1563198390000,1
391,138.7,1563198391000,1
392,138.68685185185186,1563198392000,2807
393,138.70250000000001,1563198393000,1195
394,138.7179,1563198394000,150
395,138.70190000000002,1563198395000,524
396,138.7018,1563198396000,10
397,138.7,1563198397000,182
398,138.69975000000002,1563198398000,798
399,138.69958333333335,1563198399000,1400
400,138.69549999999998,1563198400000,115
401,138.69946666666667,1563198401000,507
402,138.7,1563198402000,2
403,138.7,1563198403000,100
404,138.7,1563198404000,47
405,138.6966,1563198405000,111
406,138.696225,1563198406000,411
407,138.69528,1563198407000,652
408,138.6999,1563198408000,1
409,138.68933333333337,1563198409000,896
410,138.67069444444445,1563198410000,3771
411,138.6813,1563198411000,250
412,138.68000000000004,1563198412000,589
413,138.69,1563198413000,5
414,138.685,1563198414000,1
415,138.677075,1563198415000,195
416,138.67602000000002,1563198416000,2767
417,138.673,1563198417000,203
418,138.667,1563198418000,744
419,138.65115714285716,1563198419000,758
420,138.63245600000005,1563198420000,1663
421,138.63394545454545,1563198421000,297
422,138.625,1563198422000,556
423,138.63,1563198423000,100
424,138.61999999999998,1563198424000,800
425,138.6297,1563198425000,31
426,138.63000000000005,1563198426000,1094
427,138.63128400000008,1563198427000,3715
428,138.63166666666666,1563198428000,27
429,138.63476,1563198429000,1079
430,138.635,1563198430000,1
431,138.61757692307694,1563198431000,2238
432,138.60187499999998,1563198432000,3509
433,138.59445714285715,1563198433000,610
434,138.60560000000004,1563198434000,1209
435,138.61684,1563198435000,581
436,138.61766666666668,1563198436000,3
437,138.59700833333335,1563198437000,2007
438,138.588,1563198438000,80
439,138.59002,1563198439000,150
440,138.5977125,1563198440000,831
441,138.5993,1563198441000,112
442,138.59974999999997,1563198442000,1061
443,138.59787142857144,1563198443000,512
444,138.59425,1563198444000,115
445,138.59403333333333,1563198445000,256
446,138.6,1563198446000,7
447,138.595,1563198447000,100
448,138.5948161290323,1563198448000,2633
449,138.58999285714282,1563198449000,892
450,138.587225,1563198450000,66
451,138.59,1563198451000,401
452,138.59749999999997,1563198452000,2693
453,138.60208333333335,1563198453000,1027
454,138.61,1563198454000,100
455,138.60344999999998,1563198455000,1400
456,138.615,1563198456000,4
457,138.6161,1563198457000,60
458,138.62,1563198458000,45
459,138.62,1563198459000,1
460,138.61928571428572,1563198460000,580
461,138.61874999999992,1563198461000,4514
462,138.6223125,1563198462000,460
463,138.625,1563198463000,118
464,138.6295608695653,1563198464000,1897
465,138.62,1563198465000,100
466,138.6195,1563198466000,897
467,138.6125,1563198467000,300
468,138.60886250000001,1563198468000,950
469,138.609705882353,1563198469000,1498
470,138.605,1563198470000,100
471,138.61,1563198471000,100
472,138.61000000000004,1563198472000,1004
473,138.60750000000002,1563198473000,52
474,138.61222222222224,1563198474000,701
475,138.65000121951212,1563198475000,5436
476,138.65814285714285,1563198476000,1901
477,138.66,1563198477000,100
478,138.6500148148148,1563198478000,3753
479,138.6475,1563198479000,101
480,138.64061999999998,1563198480000,462
481,138.6379411764706,1563198481000,1014
482,138.62066666666666,1563198482000,442
483,138.61166666666668,1563198483000,440
484,138.60179999999994,1563198484000,5968
485,138.59970588235294,1563198485000,1249
486,138.59031249999998,1563198486000,1391
487,138.59849499999999,1563198487000,2133
488,138.59673333333333,1563198488000,433
489,138.5918923076923,1563198489000,1995
490,138.5998846153846,1563198490000,1092
491,138.57986999999997,1563198491000,2831
492,138.57283333333334,1563198492000,405
493,138.58285714285716,1563198493000,701
494,138.59742222222224,1563198494000,646
495,138.5987,1563198495000,215
496,138.6,1563198496000,14
497,138.60500000000002,1563198497000,223
498,138.605,1563198498000,3
499,138.60500000000002,1563198499000,108
500,138.61000000000004,1563198500000,3270
501,138.61,1563198501000,100
502,138.62,1563198502000,300
503,138.6225,1563198503000,301
504,138.62925,1563198504000,105
505,138.62348484848482,1563198505000,2977
506,138.64912000000004,1563198506000,1265
507,138.6623,1563198507000,8
508,138.66639999999998,1563198508000,219
509,138.66931818181823,1563198509000,2566
510,138.667375,1563198510000,1476
511,138.67428571428573,1563198511000,401
512,138.6775,1563198512000,522
513,138.67690000000005,1563198513000,1004
514,138.675,1563198514000,1
515,138.6791,1563198515000,105
516,138.67,1563198516000,24
517,138.66916666666665,1563198517000,776
518,138.66899999999998,1563198518000,302
519,138.6741666666667,1563198519000,897
520,138.66863333333333,1563198520000,141
521,138.661,1563198521000,470
522,138.665,1563198522000,11
523,138.65087499999998,1563198523000,2165
524,138.64468000000002,1563198524000,387
525,138.65,1563198525000,100
526,138.649975,1563198526000,139
527,138.64,1563198527000,100
528,138.64863333333335,1563198528000,300
529,138.64440000000002,1563198529000,861
530,138.64905000000002,1563198530000,2414
531,138.64666666666668,1563198531000,414
532,138.64076153846148,1563198532000,1014
533,138.63344999999998,1563198533000,415
534,138.63666666666666,1563198534000,443
535,138.6315,1563198535000,1308
536,138.635,1563198536000,13
537,138.6375,1563198537000,6
538,138.64,1563198538000,501
539,138.64249999999998,1563198539000,101
540,138.64,1563198540000,130
541,138.63710000000003,1563198541000,390
542,138.63000000000002,1563198542000,684
543,138.63,1563198543000,13
544,138.62818,1563198544000,277
545,138.6297826086957,1563198545000,2019
546,138.6517709677419,1563198546000,2704
547,138.66153333333332,1563198547000,642
548,138.6575,1563198548000,200
549,138.66,1563198549000,408
550,138.659325,1563198550000,510
551,138.6476444444444,1563198551000,871
552,138.63684999999998,1563198552000,158
553,138.64,1563198553000,104
554,138.6399,1563198554000,3
555,138.635,1563198555000,1
556,138.62982272727274,1563198556000,1844
557,138.63863636363632,1563198557000,1761
558,138.64173333333332,1563198558000,1222
559,138.64925,1563198559000,354
560,138.6499,1563198560000,200
561,138.6529875,1563198561000,1262
562,138.66,1563198562000,300
563,138.6699,1563198563000,1
564,138.66771428571425,1563198564000,738
565,138.66635,1563198565000,1100
566,138.66815833333334,1563198566000,838
567,138.67,1563198567000,1
568,138.66,1563198568000,100
569,138.6625,1563198569000,8
570,138.66998666666672,1563198570000,3796
571,138.69346249999998,1563198571000,2018
572,138.703,1563198572000,2060
573,138.705,1563198573000,250
574,138.71,1563198574000,10
575,138.7094388888889,1563198575000,1410
576,138.71,1563198576000,2
577,138.71329166666666,1563198577000,1491
578,138.72,1563198578000,50
579,138.72,1563198579000,2
580,138.715,1563198580000,1
581,138.71,1563198581000,417
582,138.71115384615376,1563198582000,2337
583,138.69540384615385,1563198583000,2604
584,138.68,1563198584000,129
585,138.68,1563198585000,200
586,138.68000000000004,1563198586000,895
587,138.6859,1563198587000,200
588,138.6889,1563198588000,80
589,138.69,1563198589000,4
590,138.69140625000003,1563198590000,989
591,138.6992857142857,1563198591000,1030
592,138.69,1563198592000,100
593,138.68416521739127,1563198593000,2090
594,138.672,1563198594000,56
595,138.6741,1563198595000,500
596,138.67800000000003,1563198596000,506
597,138.68431538461542,1563198597000,1277
598,138.6874875,1563198598000,1229
599,138.68786000000003,1563198599000,598
600,138.686,1563198600000,300
601,138.69911764705884,1563198601000,1428
602,138.71,1563198602000,410
603,138.71002500000003,1563198603000,330
604,138.70666666666668,1563198604000,72
605,138.70944444444447,1563198605000,1569
606,138.72192307692308,1563198606000,1139
607,138.725,1563198607000,110
608,138.721,1563198608000,1005
609,138.72833333333332,1563198609000,400
610,138.72075,1563198610000,1129
611,138.725,1563198611000,400
612,138.72112380952382,1563198612000,2901
613,138.73158333333333,1563198613000,600
614,138.7328,1563198614000,106
615,138.7381,1563198615000,375
616,138.74343000000002,1563198616000,5619
617,138.74,1563198617000,221
618,138.73074000000003,1563198618000,651
619,138.72955,1563198619000,4721
620,138.7367,1563198620000,180
621,138.73515,1563198621000,741
622,138.73060606060605,1563198622000,5230
623,138.72833636363637,1563198623000,4202
624,138.7262,1563198624000,907
625,138.72049999999993,1563198625000,2298
626,138.725,1563198626000,94
627,138.72,1563198627000,1390
628,138.72,1563198628000,100
629,138.71705882352938,1563198629000,1696
630,138.7135,1563198630000,200
631,138.72,1563198631000,1
632,138.71430833333338,1563198632000,5716
633,138.72029411764706,1563198633000,1410
634,138.72704285714286,1563198634000,374
635,138.73,1563198635000,3
636,138.73,1563198636000,64
637,138.73,1563198637000,617
638,138.74066,1563198638000,1162
639,138.75325000000004,1563198639000,2808
640,138.7756923076923,1563198640000,1341
641,138.7796740740741,1563198641000,3180
642,138.775,1563198642000,100
643,138.77066,1563198643000,968
644,138.77,1563198644000,1
645,138.77523750000006,1563198645000,2315
646,138.7838,1563198646000,59
647,138.79802727272735,1563198647000,2966
648,138.79814285714284,1563198648000,630
649,138.80237499999998,1563198649000,747
650,138.79142857142855,1563198650000,605
651,138.7848,1563198651000,401
652,138.786,1563198652000,125
653,138.78546666666665,1563198653000,744
654,138.7964411764707,1563198654000,7061
655,138.80198000000001,1563198655000,256
656,138.79833333333335,1563198656000,390
657,138.79870000000003,1563198657000,18
658,138.8,1563198658000,1
659,138.79999999999998,1563198659000,599
660,138.798,1563198660000,505
661,138.78675468750004,1563198661000,9156
662,138.79,1563198662000,1100
663,138.788725,1563198663000,119
664,138.78528,1563198664000,168
665,138.78705,1563198665000,539
666,138.78865555555555,1563198666000,1431
667,138.7883,1563198667000,31
668,138.78556666666663,1563198668000,1242
669,138.77803333333335,1563198669000,1020
670,138.77837499999998,1563198670000,9
671,138.78,1563198671000,100
672,138.7827777777778,1563198672000,3042
673,138.79,1563198673000,70
674,138.79285882352943,1563198674000,5403
675,138.79375,1563198675000,340
676,138.8,1563198676000,200
677,138.80125,1563198677000,903
678,138.80916666666667,1563198678000,604
679,138.81032499999998,1563198679000,400
680,138.81833333333333,1563198680000,273
681,138.81967999999995,1563198681000,1178
682,138.8225,1563198682000,18
683,138.81199999999998,1563198683000,226
684,138.81130526315786,1563198684000,1771
685,138.80802857142857,1563198685000,75
686,138.81230769230766,1563198686000,729
687,138.8305,1563198687000,488
688,138.84083333333334,1563198688000,2304
689,138.83,1563198689000,400
690,138.81924499999997,1563198690000,2022
691,138.81166666666664,1563198691000,609
692,138.81860999999998,1563198692000,1117
693,138.8188,1563198693000,22
694,138.82,1563198694000,206
695,138.81918888888887,1563198695000,903
696,138.82543333333334,1563198696000,63
697,138.82433333333333,1563198697000,576
698,138.8219,1563198698000,12
699,138.8229,1563198699000,153
700,138.829,1563198700000,600
701,138.8338777777778,1563198701000,581
702,138.84756153846152,1563198702000,882
703,138.84928571428568,1563198703000,1310
704,138.84999999999997,1563198704000,1102
705,138.84751250000002,1563198705000,1098
706,138.842,1563198706000,500
707,138.84235,1563198707000,51
708,138.8432,1563198708000,51
709,138.846225,1563198709000,265
710,138.83032258064515,1563198710000,2237
711,138.84299,1563198711000,951
712,138.852,1563198712000,407
713,138.84999999999997,1563198713000,2504
714,138.85,1563198714000,101
715,138.84775,1563198715000,11
716,138.85,1563198716000,30
717,138.8462615384615,1563198717000,636
718,138.85,1563198718000,6
719,138.85,1563198719000,39
720,138.85792500000002,1563198720000,280
721,138.85909090909092,1563198721000,566
722,138.86087000000003,1563198722000,1246
723,138.87142857142857,1563198723000,797
724,138.87,1563198724000,8
725,138.89202702702698,1563198725000,6357
726,138.90736842105264,1563198726000,1068
727,138.90727916666668,1563198727000,2534
728,138.9000826086957,1563198728000,1762
729,138.91111666666671,1563198729000,1687
730,138.91,1563198730000,500
731,138.89666666666665,1563198731000,736
732,138.8975,1563198732000,200
733,138.89991666666668,1563198733000,4000
734,138.90307692307695,1563198734000,3133
735,138.91336666666666,1563198735000,209
736,138.90685,1563198736000,713
737,138.9,1563198737000,100
738,138.9,1563198738000,174
739,138.89461739130437,1563198739000,1403
740,138.87266666666667,1563198740000,284
741,138.87779999999998,1563198741000,50
742,138.87714285714287,1563198742000,1121
743,138.86399333333335,1563198743000,1230
744,138.85166666666666,1563198744000,104
745,138.85,1563198745000,100
746,138.85083333333333,1563198746000,800
747,138.86,1563198747000,4
748,138.85374000000002,1563198748000,1238
749,138.8496857142857,1563198749000,2063
750,138.8483333333333,1563198750000,3494
751,138.84234333333333,1563198751000,3293
752,138.845,1563198752000,100
753,138.85,1563198753000,66
754,138.85,1563198754000,33
755,138.85,1563198755000,80
756,138.84,1563198756000,100
757,138.8425,1563198757000,400
758,138.85,1563198758000,1
759,138.85,1563198759000,200
760,138.85,1563198760000,40
761,138.84077142857146,1563198761000,466
762,138.845,1563198762000,100
763,138.85,1563198763000,200
764,138.84967500000002,1563198764000,5467
765,138.855,1563198765000,100
766,138.862,1563198766000,5456
767,138.88,1563198767000,1
768,138.86999166666664,1563198768000,1500
769,138.86999999999995,1563198769000,1980
770,138.8689692307692,1563198770000,2066
771,138.865,1563198771000,5
772,138.86505,1563198772000,21
773,138.870725,1563198773000,301
774,138.8790909090909,1563198774000,1057
775,138.90354166666665,1563198775000,2350
776,138.9180357142857,1563198776000,2819
777,138.93278888888892,1563198777000,1972
778,138.937,1563198778000,9
779,138.935,1563198779000,100
780,138.93880000000004,1563198780000,2516
781,138.93644444444445,1563198781000,3802
782,138.93,1563198782000,300
783,138.94,1563198783000,72
784,138.9442,1563198784000,101
785,138.945,1563198785000,900
786,138.945,1563198786000,782
787,138.94219999999999,1563198787000,1074
788,138.93754666666666,1563198788000,1266
789,138.941,1563198789000,2
790,138.9455,1563198790000,450
791,138.9454,1563198791000,718
792,138.90014,1563198792000,653
793,138.945,1563198793000,100
794,138.95,1563198794000,1
795,138.945,1563198795000,200
796,138.94635,1563198796000,8
797,138.9473,1563198797000,108
798,138.9499,1563198798000,200
799,138.945,1563198799000,100
800,138.94299999999998,1563198800000,418
801,138.93821428571428,1563198801000,2489
802,138.91976190476194,1563198802000,2069
803,138.94056250000003,1563198803000,1967
804,138.95,1563198804000,5
805,138.94871052631578,1563198805000,1927
806,138.94446666666667,1563198806000,45
807,138.95,1563198807000,205
808,138.9344122448979,1563198808000,5213
809,138.94937500000003,1563198809000,7475
810,138.94269230769234,1563198810000,1700
811,138.9499,1563198811000,360
812,138.936,1563198812000,503
813,138.93,1563198813000,127
814,138.93125000000003,1563198814000,844
815,138.925,1563198815000,100
816,138.9275,1563198816000,2
817,138.9288,1563198817000,2
818,138.9157181818182,1563198818000,602
819,138.90279999999998,1563198819000,253
820,138.91,1563198820000,50
821,138.9039,1563198821000,1455
822,138.91,1563198822000,100
823,138.9125111111111,1563198823000,1274
824,138.92145833333333,1563198824000,3117
825,138.94,1563198825000,1
826,138.9433,1563198826000,900
827,138.95,1563198827000,100
828,138.9452,1563198828000,50
829,138.94000000000003,1563198829000,1144
830,138.9391666666667,1563198830000,2557
831,138.93704000000002,1563198831000,1304
832,138.92938461538466,1563198832000,2824
833,138.9256,1563198833000,55
834,138.925,1563198834000,2
835,138.93,1563198835000,1
836,138.9289,1563198836000,100
837,138.92745000000002,1563198837000,34
838,138.925,1563198838000,14
839,138.92,1563198839000,100
840,138.91687500000003,1563198840000,2265
841,138.90213333333335,1563198841000,84
842,138.90833333333336,1563198842000,521
843,138.89362399999993,1563198843000,2689
844,138.88394285714287,1563198844000,500
845,138.885,1563198845000,100
846,138.88080645161293,1563198846000,2111
847,138.86,1563198847000,100
848,138.87131818181817,1563198848000,1672
849,138.87305,1563198849000,21
850,138.8752,1563198850000,255
851,138.86999999999995,1563198851000,920
852,138.8688888888889,1563198852000,1019
853,138.87984375000008,1563198853000,2006
854,138.88393333333332,1563198854000,1975
855,138.89,1563198855000,10
856,138.89074999999994,1563198856000,1912
857,138.895,1563198857000,1
858,138.89253333333332,1563198858000,1602
859,138.89028181818173,1563198859000,2622
860,138.89374999999998,1563198860000,33
861,138.9,1563198861000,11
862,138.90360000000004,1563198862000,1189
863,138.9062,1563198863000,15
864,138.90815789473686,1563198864000,2011
865,138.90435000000002,1563198865000,31
866,138.90852,1563198866000,904
867,138.9125,1563198867000,49
868,138.90875,1563198868000,300
869,138.91248000000002,1563198869000,363
870,138.9127,1563198870000,55
871,138.91705,1563198871000,110
872,138.91166666666666,1563198872000,900
873,138.9162,1563198873000,50
874,138.91875,1563198874000,535
875,138.92,1563198875000,100
876,138.91333333333333,1563198876000,205
877,138.92085384615388,1563198877000,897
878,138.93,1563198878000,200
879,138.925,1563198879000,200
880,138.9267,1563198880000,200
881,138.93,1563198881000,100
882,138.94931590909093,1563198882000,4791
883,138.9642,1563198883000,600
884,138.96916666666667,1563198884000,1110
885,138.965,1563198885000,1
886,138.95593599999995,1563198886000,2226
887,138.95690000000002,1563198887000,531
888,138.95550666666668,1563198888000,3911
889,138.95274285714285,1563198889000,778
890,138.95805000000001,1563198890000,351
891,138.95076923076925,1563198891000,863
892,138.959,1563198892000,75
893,138.95125,1563198893000,202
894,138.94769230769234,1563198894000,1247
895,138.93900000000002,1563198895000,726
896,138.93362499999998,1563198896000,767
897,138.939925,1563198897000,1120
898,138.94881818181813,1563198898000,809
899,138.95,1563198899000,100
900,138.93850000000003,1563198900000,959
901,138.939125,1563198901000,155
902,138.937,1563198902000,83
903,138.935,1563198903000,49
904,138.94000000000003,1563198904000,641
905,138.94750000000002,1563198905000,518
906,138.95285714285714,1563198906000,458
907,138.95685,1563198907000,91
908,138.95097857142858,1563198908000,756
909,138.94,1563198909000,21
910,138.949,1563198910000,2
911,138.949975,1563198911000,216
912,138.94909999999996,1563198912000,1931
913,138.9509090909091,1563198913000,663
914,138.95166666666668,1563198914000,289
915,138.9519,1563198915000,275
916,138.96177272727274,1563198916000,1399
917,138.97037142857144,1563198917000,1000
918,138.97844210526316,1563198918000,1327
919,138.9825,1563198919000,500
920,138.9801,1563198920000,5
921,138.98485,1563198921000,40
922,138.99,1563198922000,1
923,138.98647142857143,1563198923000,474
924,138.98,1563198924000,1145
925,138.9722,1563198925000,175
926,138.9699999999999,1563198926000,2058
927,138.9626923076923,1563198927000,2214
928,138.9505882352941,1563198928000,1512
929,138.9574,1563198929000,472
930,138.94843333333333,1563198930000,307
931,138.9467,1563198931000,1450
932,138.94,1563198932000,176
933,138.935,1563198933000,5
934,138.9333,1563198934000,2
935,138.93666666666667,1563198935000,359
936,138.93845,1563198936000,869
937,138.94,1563198937000,250
938,138.9365,1563198938000,30
939,138.93169090909095,1563198939000,779
940,138.92942857142856,1563198940000,2928
941,138.92075,1563198941000,168
942,138.92,1563198942000,745
943,138.91909090909095,1563198943000,1616
944,138.93333333333334,1563198944000,101
945,138.92917500000004,1563198945000,1262
946,138.93,1563198946000,1
947,138.92083333333332,1563198947000,700
948,138.92694444444447,1563198948000,2379
949,138.9225,1563198949000,45
950,138.92249999999999,1563198950000,551
951,138.91989999999998,1563198951000,382
952,138.92,1563198952000,552
953,138.92875000000004,1563198953000,928
954,138.93,1563198954000,100
955,138.93,1563198955000,6
956,138.93,1563198956000,150
957,138.93036666666669,1563198957000,1235
958,138.92538461538467,1563198958000,3772
959,138.91,1563198959000,200
960,138.92,1563198960000,10
961,138.91895,1563198961000,350
962,138.92000000000002,1563198962000,435
963,138.9248,1563198963000,403
964,138.92166666666665,1563198964000,418
965,138.92,1563198965000,5
966,138.92305,1563198966000,350
967,138.92812500000002,1563198967000,1055
968,138.92670000000004,1563198968000,675
969,138.92428333333336,1563198969000,1637
970,138.92045,1563198970000,806
971,138.91093750000005,1563198971000,1215
972,138.92,1563198972000,1
973,138.91,1563198973000,100
974,138.92,1563198974000,235
975,138.92,1563198975000,102
976,138.91,1563198976000,20
977,138.92,1563198977000,100
978,138.91141428571427,1563198978000,627
979,138.90833333333333,1563198979000,161
980,138.90744999999998,1563198980000,724
981,138.9,1563198981000,20
982,138.90123999999997,1563198982000,20
983,138.9055,1563198983000,35
984,138.9051,1563198984000,159
985,138.9015,1563198985000,275
986,138.89886363636347,1563198986000,7166
987,138.8935033333333,1563198987000,3315
988,138.9,1563198988000,28
989,138.9099,1563198989000,3
990,138.90699999999998,1563198990000,119
991,138.91,1563198991000,514
992,138.903,1563198992000,304
993,138.905,1563198993000,200
994,138.90126,1563198994000,832
995,138.8854541666667,1563198995000,1611
996,138.88333333333333,1563198996000,201
997,138.89671944444441,1563198997000,22757
998,138.905,1563198998000,101
999,138.90946,1563198999000,218
1000,138.9,1563199000000,200
1001,138.905,1563199001000,19
1002,138.9025,1563199002000,230
1003,138.90125,1563199003000,465
1004,138.905,1563199004000,6
1005,138.907,1563199005000,212
1006,138.905,1563199006000,4
1007,138.9,1563199007000,100
1008,138.9127777777778,1563199008000,2137
1009,138.91333333333333,1563199009000,77
1010,138.91946666666664,1563199010000,115
1011,138.9101,1563199011000,1
1012,138.9149666666667,1563199012000,104
1013,138.91125000000002,1563199013000,906
1014,138.8939583333333,1563199014000,1665
1015,138.885,1563199015000,8
1016,138.885,1563199016000,57
1017,138.88542,1563199017000,228
1018,138.87980769230776,1563199018000,2364
1019,138.86565217391302,1563199019000,3140
1020,138.87058333333334,1563199020000,1311
1021,138.87,1563199021000,9
1022,138.875,1563199022000,6
1023,138.87151,1563199023000,1226
1024,138.87,1563199024000,254
1025,138.87141666666665,1563199025000,756
1026,138.8794444444445,1563199026000,2681
1027,138.885,1563199027000,469
1028,138.88,1563199028000,700
1029,138.87377500000002,1563199029000,1343
1030,138.87498,1563199030000,470
1031,138.86865,1563199031000,1216
1032,138.86999999999992,1563199032000,2606
1033,138.8728,1563199033000,5
1034,138.87,1563199034000,300
1035,138.873,1563199035000,1032
1036,138.8742,1563199036000,251
1037,138.8701,1563199037000,8
1038,138.875,1563199038000,5
1039,138.875,1563199039000,302
1040,138.87062499999993,1563199040000,2603
1041,138.8795454545455,1563199041000,1828
1042,138.885,1563199042000,100
1043,138.885,1563199043000,1
1044,138.88710526315788,1563199044000,670
1045,138.89255,1563199045000,204
1046,138.89,1563199046000,631
1047,138.8891111111111,1563199047000,415
1048,138.8927,1563199048000,214
1049,138.8901,1563199049000,10
1050,138.89523333333332,1563199050000,315
1051,138.897025,1563199051000,49
1052,138.89315,1563199052000,1907
1053,138.895,1563199053000,107
1054,138.89666666666668,1563199054000,342
1055,138.88943636363635,1563199055000,710
1056,138.88496666666666,1563199056000,260
1057,138.8818,1563199057000,30
1058,138.8812,1563199058000,96
1059,138.885,1563199059000,381
1060,138.89,1563199060000,7
1061,138.89,1563199061000,641
1062,138.89996923076927,1563199062000,777
1063,138.905,1563199063000,1
1064,138.905,1563199064000,8
1065,138.90333333333334,1563199065000,96
1066,138.91078947368422,1563199066000,1474
1067,138.91907272727272,1563199067000,968
1068,138.91136,1563199068000,164
1069,138.9101,1563199069000,1
1070,138.91,1563199070000,92
1071,138.9066666666667,1563199071000,1214
1072,138.89,1563199072000,100
1073,138.89905,1563199073000,310
1074,138.89166666666665,1563199074000,792
1075,138.89339999999999,1563199075000,1664
1076,138.89091249999998,1563199076000,603
1077,138.88333333333333,1563199077000,121
1078,138.885,1563199078000,100
1079,138.89081666666667,1563199079000,1208
1080,138.89129999999997,1563199080000,575
1081,138.8875,1563199081000,212
1082,138.89,1563199082000,48
1083,138.885,1563199083000,100
1084,138.885,1563199084000,10
1085,138.8828,1563199085000,594
1086,138.8862,1563199086000,71
1087,138.89433333333335,1563199087000,1606
1088,138.89905,1563199088000,314
1089,138.9103,1563199089000,843
1090,138.93,1563199090000,4
1091,138.92595,1563199091000,161
1092,138.93000000000004,1563199092000,1524
1093,138.9386076923077,1563199093000,1122
1094,138.9436,1563199094000,25
1095,138.9425,1563199095000,206
1096,138.9334166666667,1563199096000,1299
1097,138.92669999999998,1563199097000,218
1098,138.9204,1563199098000,30
1099,138.92419999999998,1563199099000,57
1100,138.93136363636367,1563199100000,1019
1101,138.94336666666666,1563199101000,13
1102,138.9467,1563199102000,50
1103,138.94358571428572,1563199103000,791
1104,138.9514285714286,1563199104000,729
1105,138.95669999999998,1563199105000,87
1106,138.94874444444446,1563199106000,2504
1107,138.94475,1563199107000,1401
1108,138.95083333333332,1563199108000,701
1109,138.945,1563199109000,3
1110,138.9445,1563199110000,12
1111,138.9490125,1563199111000,517
1112,138.9425,1563199112000,37
1113,138.9475,1563199113000,201
1114,138.95,1563199114000,102
1115,138.945,1563199115000,192
1116,138.945,1563199116000,6
1117,138.9467,1563199117000,2
1118,138.9438,1563199118000,655
1119,138.94664999999998,1563199119000,120
1120,138.95066666666668,1563199120000,1287
1121,138.9489,1563199121000,1504
1122,138.945,1563199122000,200
1123,138.94333333333333,1563199123000,36
1124,138.93135416666672,1563199124000,4331
1125,138.91,1563199125000,100
1126,138.91313333333332,1563199126000,483
1127,138.915,1563199127000,20
1128,138.91,1563199128000,46
1129,138.915,1563199129000,1
1130,138.915,1563199130000,100
1131,138.9153,1563199131000,55
1132,138.915,1563199132000,1
1133,138.9154,1563199133000,32
1134,138.92,1563199134000,202
1135,138.925,1563199135000,100
1136,138.9207,1563199136000,200
1137,138.9326428571429,1563199137000,1179
1138,138.94,1563199138000,600
1139,138.9300166666667,1563199139000,432
1140,138.93,1563199140000,100
1141,138.9307142857143,1563199141000,665
1142,138.92925000000005,1563199142000,613
1143,138.92973157894735,1563199143000,1651
1144,138.93166666666667,1563199144000,107
1145,138.935,1563199145000,100
1146,138.93333333333334,1563199146000,301
1147,138.94050000000001,1563199147000,1014
1148,138.945,1563199148000,1
1149,138.94490000000002,1563199149000,38
1150,138.9499,1563199150000,31
1151,138.95,1563199151000,100
1152,138.94833333333332,1563199152000,200
1153,138.93737368421057,1563199153000,1659
1154,138.946,1563199154000,3600
1155,138.93800000000002,1563199155000,607
1156,138.93,1563199156000,100
1157,138.92909090909095,1563199157000,755
1158,138.92204,1563199158000,311
1159,138.92700000000002,1563199159000,23
1160,138.9235625,1563199160000,570
1161,138.925,1563199161000,17
1162,138.92485714285712,1563199162000,705
1163,138.92121428571426,1563199163000,413
1164,138.92675,1563199164000,600
1165,138.9292777777778,1563199165000,425
1166,138.92800000000003,1563199166000,176
1167,138.925,1563199167000,102
1168,138.9316666666667,1563199168000,1156
1169,138.936225,1563199169000,1852
1170,138.93833333333336,1563199170000,512
1171,138.94000000000003,1563199171000,802
1172,138.92950000000002,1563199172000,1710
1173,138.92995000000002,1563199173000,108
1174,138.925,1563199174000,104
1175,138.92625,1563199175000,531
1176,138.93357142857144,1563199176000,585
1177,138.93600000000004,1563199177000,854
1178,138.93,1563199178000,352
1179,138.9375,1563199179000,724
1180,138.94141666666667,1563199180000,252
1181,138.94,1563199181000,122
1182,138.9454285714286,1563199182000,526
1183,138.951156,1563199183000,3083
1184,138.96,1563199184000,103
1185,138.95763333333335,1563199185000,60
1186,138.95916666666668,1563199186000,1465
1187,138.9501,1563199187000,24
1188,138.95228571428575,1563199188000,451
1189,138.958875,1563199189000,701
1190,138.96020833333336,1563199190000,2384
1191,138.96944499999998,1563199191000,1750
1192,138.96833333333333,1563199192000,395
1193,138.96,1563199193000,5
1194,138.96,1563199194000,100
1195,138.9599916666667,1563199195000,712
1196,138.95,1563199196000,100
1197,138.94740000000004,1563199197000,1694
1198,138.945,1563199198000,180
1199,138.93823529411767,1563199199000,1563
1200,138.93167407407404,1563199200000,3940
1201,138.92551,1563199201000,555
1202,138.92307307692312,1563199202000,2432
1203,138.93000000000004,1563199203000,1508
1204,138.92115384615389,1563199204000,2034
1205,138.9253714285714,1563199205000,1141
1206,138.91000000000003,1563199206000,1295
1207,138.9025,1563199207000,35
1208,138.90666666666667,1563199208000,106
1209,138.9097076923077,1563199209000,1335
1210,138.92,1563199210000,3
1211,138.9131,1563199211000,143
1212,138.915,1563199212000,100
1213,138.9039137931035,1563199213000,1956
1214,138.89,1563199214000,43
1215,138.88963928571422,1563199215000,2473
1216,138.881,1563199216000,3000
1217,138.8825,1563199217000,200
1218,138.883,1563199218000,150
1219,138.89,1563199219000,73
1220,138.884,1563199220000,1252
1221,138.88785714285714,1563199221000,522
1222,138.875,1563199222000,1720
1223,138.863984375,1563199223000,2775
1224,138.8647,1563199224000,1122
1225,138.86285714285717,1563199225000,551
1226,138.8696666666666,1563199226000,1257
1227,138.8773,1563199227000,136
1228,138.8805,1563199228000,1119
1229,138.89421333333334,1563199229000,1476
1230,138.90035,1563199230000,579
1231,138.90605,1563199231000,21
1232,138.90981785714283,1563199232000,2531
1233,138.91,1563199233000,200
1234,138.91698,1563199234000,370
1235,138.91,1563199235000,100
1236,138.90842222222219,1563199236000,439
1237,138.9025,1563199237000,120
1238,138.90744999999998,1563199238000,2
1239,138.90833333333333,1563199239000,300
1240,138.89987333333337,1563199240000,1009
1241,138.89993333333334,1563199241000,138
1242,138.895,1563199242000,100
1243,138.895,1563199243000,304
1244,138.9,1563199244000,100
1245,138.90000000000003,1563199245000,818
1246,138.901,1563199246000,317
1247,138.90329999999997,1563199247000,207
1248,138.89777777777778,1563199248000,1100
1249,138.89212857142857,1563199249000,852
1250,138.88375,1563199250000,310
1251,138.88119999999998,1563199251000,464
1252,138.8853,1563199252000,350
1253,138.885,1563199253000,20
1254,138.88491428571427,1563199254000,586
1255,138.88,1563199255000,100
1256,138.88,1563199256000,100
1257,138.8846,1563199257000,110
1258,138.88166666666666,1563199258000,296
1259,138.87490625,1563199259000,2092
1260,138.8591818181818,1563199260000,500
1261,138.8551666666667,1563199261000,901
1262,138.855,1563199262000,100
1263,138.855,1563199263000,105
1264,138.86887916666663,1563199264000,1599
1265,138.87954444444443,1563199265000,1410
1266,138.8899,1563199266000,2
1267,138.8890909090909,1563199267000,1011
1268,138.896,1563199268000,25
1269,138.89375,1563199269000,544
1270,138.901,1563199270000,925
1271,138.9,1563199271000,470
1272,138.905,1563199272000,28
1273,138.9,1563199273000,200
1274,138.9018166666667,1563199274000,629
1275,138.9,1563199275000,100
1276,138.9025,1563199276000,1118
1277,138.9,1563199277000,200
1278,138.89530000000002,1563199278000,147
1279,138.90082,1563199279000,307
1280,138.89749999999998,1563199280000,500
1281,138.8939,1563199281000,1
1282,138.89,1563199282000,100
1283,138.89,1563199283000,4
1284,138.89,1563199284000,100
1285,138.88999999999993,1563199285000,810
1286,138.895,1563199286000,453
1287,138.885,1563199287000,1
1288,138.884,1563199288000,50
1289,138.89,1563199289000,10
1290,138.88122857142858,1563199290000,850
1291,138.8886,1563199291000,150
1292,138.885,1563199292000,7
1293,138.89,1563199293000,70
1294,138.88999999999993,1563199294000,2619
1295,138.89495,1563199295000,20
1296,138.895,1563199296000,100
1297,138.89,1563199297000,11
1298,138.9,1563199298000,3
1299,138.89353333333335,1563199299000,111
1300,138.89249999999998,1563199300000,103
1301,138.89039999999991,1563199301000,1885
1302,138.87846153846155,1563199302000,1882
1303,138.8759,1563199303000,300
1304,138.87058823529406,1563199304000,2600
1305,138.87155384615383,1563199305000,911
1306,138.87,1563199306000,100
1307,138.873,1563199307000,162
1308,138.87438333333333,1563199308000,900
1309,138.86632142857147,1563199309000,954
1310,138.86849999999998,1563199310000,6
1311,138.86566666666667,1563199311000,240
1312,138.86,1563199312000,100
1313,138.8767647058824,1563199313000,3371
1314,138.88813333333331,1563199314000,625
1315,138.88833333333332,1563199315000,941
1316,138.882,1563199316000,263
1317,138.875,1563199317000,3
1318,138.88,1563199318000,401
1319,138.90000000000003,1563199319000,843
1320,138.91354166666667,1563199320000,531
1321,138.93,1563199321000,100
1322,138.925,1563199322000,5
1323,138.93000000000004,1563199323000,960
1324,138.94297368421053,1563199324000,1883
1325,138.94455,1563199325000,709
1326,138.945,1563199326000,2
1327,138.95,1563199327000,1
1328,138.95,1563199328000,3
1329,138.945,1563199329000,102
1330,138.94875,1563199330000,204
1331,138.94833333333332,1563199331000,62
1332,138.94916666666666,1563199332000,314
1333,138.9429,1563199333000,2160
1334,138.94050285714286,1563199334000,2539
1335,138.94000000000003,1563199335000,752
1336,138.95,1563199336000,100
1337,138.94977142857144,1563199337000,500
1338,138.953875,1563199338000,2144
1339,138.961,1563199339000,600
1340,138.955,1563199340000,35
1341,138.96,1563199341000,105
1342,138.96805,1563199342000,14
1343,138.965,1563199343000,2
1344,138.96,1563199344000,100
1345,138.96,1563199345000,110
1346,138.965,1563199346000,41
1347,138.9619,1563199347000,1
1348,138.9616,1563199348000,17
1349,138.97,1563199349000,1100
1350,138.97638571428573,1563199350000,2405
1351,138.975,1563199351000,18
1352,138.97833333333332,1563199352000,12
1353,138.97696000000002,1563199353000,762
1354,138.9761111111111,1563199354000,797
1355,138.97785714285712,1563199355000,826
1356,138.97946666666667,1563199356000,572
1357,138.97496666666666,1563199357000,140
1358,138.98,1563199358000,305
1359,138.97132666666667,1563199359000,1156
1360,138.98,1563199360000,1341
1361,138.975,1563199361000,1000
1362,138.9775,1563199362000,6
1363,138.9767,1563199363000,422
1364,138.977,1563199364000,63
1365,138.975,1563199365000,1820
1366,138.97924999999998,1563199366000,50
1367,138.975,1563199367000,150
1368,138.98,1563199368000,201
1369,138.983325,1563199369000,1385
1370,138.9888636363636,1563199370000,3226
1371,138.99,1563199371000,1
1372,138.98333333333335,1563199372000,638
1373,138.98,1563199373000,323
1374,138.9855,1563199374000,52
1375,138.9831,1563199375000,20
1376,138.99,1563199376000,50
1377,138.97695652173917,1563199377000,4140
1378,138.97,1563199378000,100
1379,138.95948125,1563199379000,2495
1380,138.9575,1563199380000,160
1381,138.95945238095237,1563199381000,1695
1382,138.95313333333334,1563199382000,114
1383,138.9535,1563199383000,316
1384,138.95896,1563199384000,100
1385,138.9577,1563199385000,1
1386,138.94292045454537,1563199386000,3370
1387,138.92838709677414,1563199387000,4182
1388,138.91760000000002,1563199388000,1905
1389,138.9163,1563199389000,207
1390,138.919,1563199390000,1
1391,138.92960000000002,1563199391000,10006
1392,138.90824000000003,1563199392000,4036
1393,138.90875,1563199393000,31
1394,138.9093,1563199394000,1435
1395,138.90770624999993,1563199395000,4360
1396,138.89783928571427,1563199396000,2324
1397,138.899,1563199397000,1
1398,138.905,1563199398000,200
1399,138.9080357142857,1563199399000,2916
1400,138.909,1563199400000,12
1401,138.90000000000003,1563199401000,1995
1402,138.90040000000005,1563199402000,2980
1403,138.90543333333332,1563199403000,138
1404,138.91,1563199404000,100
1405,138.91,1563199405000,100
1406,138.90895833333332,1563199406000,2226
1407,138.91,1563199407000,4
1408,138.91,1563199408000,8
1409,138.903,1563199409000,4
1410,138.9002416666667,1563199410000,1664
1411,138.89013157894738,1563199411000,4086
1412,138.886,1563199412000,304
1413,138.889,1563199413000,55
1414,138.89,1563199414000,100
1415,138.8834,1563199415000,4
1416,138.88,1563199416000,2
1417,138.87,1563199417000,6
1418,138.87,1563199418000,31
1419,138.8715022727272,1563199419000,3576
1420,138.8644166666667,1563199420000,735
1421,138.86,1563199421000,300
1422,138.865,1563199422000,1
1423,138.862,1563199423000,100
1424,138.86735,1563199424000,53
1425,138.86530000000002,1563199425000,506
1426,138.865,1563199426000,19
1427,138.87,1563199427000,100
1428,138.86343333333338,1563199428000,2125
1429,138.865,1563199429000,4
1430,138.86157000000003,1563199430000,1473
1431,138.86247500000002,1563199431000,479
1432,138.865,1563199432000,25
1433,138.86,1563199433000,2
1434,138.85810000000004,1563199434000,1832
1435,138.84789130434783,1563199435000,2148
1436,138.8375684210526,1563199436000,1296
1437,138.831,1563199437000,975
1438,138.83343333333335,1563199438000,201
1439,138.835,1563199439000,791
1440,138.83745,1563199440000,36
1441,138.8373529411765,1563199441000,3005
1442,138.835,1563199442000,2
1443,138.83015,1563199443000,772
1444,138.8242,1563199444000,300
1445,138.8268,1563199445000,700
1446,138.83,1563199446000,100
1447,138.8248,1563199447000,28
1448,138.822,1563199448000,233
1449,138.81954545454545,1563199449000,3220
1450,138.81098999999998,1563199450000,900
1451,138.8197826086957,1563199451000,2581
1452,138.81155,1563199452000,1200
1453,138.81583333333333,1563199453000,1102
1454,138.815,1563199454000,75
1455,138.82,1563199455000,78
1456,138.81832,1563199456000,224
1457,138.8116,1563199457000,1300
1458,138.815,1563199458000,160
1459,138.815,1563199459000,7
1460,138.8142,1563199460000,52
1461,138.81495,1563199461000,324
1462,138.81666666666666,1563199462000,210
1463,138.82,1563199463000,8
1464,138.819,1563199464000,5
1465,138.81375,1563199465000,1117
1466,138.81515000000002,1563199466000,104
1467,138.81745,1563199467000,4
1468,138.81675,1563199468000,31
1469,138.81645,1563199469000,100
1470,138.80970588235292,1563199470000,1242
1471,138.8015857142857,1563199471000,1125
1472,138.79386363636388,1563199472000,12446
1473,138.78927777777778,1563199473000,1500
1474,138.77956363636363,1563199474000,1651
1475,138.78,1563199475000,100
1476,138.77255000000002,1563199476000,203
1477,138.7764,1563199477000,143
1478,138.76548387096776,1563199478000,3810
1479,138.75570000000002,1563199479000,153
1480,138.74771627906972,1563199480000,4319
1481,138.73522666666668,1563199481000,1010
1482,138.735,1563199482000,35
1483,138.73495,1563199483000,35
1484,138.73973684210523,1563199484000,1195
1485,138.7952,1563199485000,49
1486,138.73416666666668,1563199486000,174
1487,138.73250000000002,1563199487000,33
1488,138.73378333333332,1563199488000,516
1489,138.72935454545453,1563199489000,1162
1490,138.72,1563199490000,580
1491,138.72,1563199491000,100
1492,138.7172375,1563199492000,863
1493,138.71,1563199493000,100
1494,138.6968142857142,1563199494000,6314
1495,138.68117647058827,1563199495000,1747
1496,138.67998000000003,1563199496000,107
1497,138.6796888888889,1563199497000,568
1498,138.68000000000004,1563199498000,410
1499,138.68,1563199499000,100
1500,138.68000000000004,1563199500000,1170
1501,138.68904583333338,1563199501000,2602
1502,138.69450384615382,1563199502000,2406
1503,138.699,1563199503000,999
1504,138.69889999999998,1563199504000,837
1505,138.7,1563199505000,450
1506,138.68989333333334,1563199506000,1131
1507,138.6899,1563199507000,1
1508,138.68125,1563199508000,300
1509,138.68,1563199509000,1
1510,138.67312500000003,1563199510000,1436
1511,138.67249999999999,1563199511000,500
1512,138.666225,1563199512000,241
1513,138.67,1563199513000,592
1514,138.6657,1563199514000,80
1515,138.66,1563199515000,114
1516,138.65906250000003,1563199516000,1961
1517,138.65000000000003,1563199517000,1277
1518,138.6441,1563199518000,480
1519,138.65000000000003,1563199519000,1686
1520,138.63879137931045,1563199520000,4827
1521,138.63158181818181,1563199521000,866
1522,138.8821,1563199522000,200
1523,138.6299,1563199523000,31
1524,138.62452000000002,1563199524000,292
1525,138.62625,1563199525000,17
1526,138.6175827586207,1563199526000,3635
1527,138.61375,1563199527000,581
1528,138.61042448979586,1563199528000,5857
1529,138.61230000000003,1563199529000,1236
1530,138.61954545454537,1563199530000,1925
1531,138.61,1563199531000,50
1532,138.61965,1563199532000,96
1533,138.62109999999998,1563199533000,1519
1534,138.6225,1563199534000,205
1535,138.625,1563199535000,12
1536,138.6255,1563199536000,163
1537,138.63120000000004,1563199537000,2586
1538,138.629,1563199538000,100
1539,138.62996666666666,1563199539000,301
1540,138.62101515151508,1563199540000,3693
1541,138.61,1563199541000,510
1542,138.60803571428573,1563199542000,4052
1543,138.60399999999998,1563199543000,506
1544,138.6,1563199544000,100
1545,138.60396666666665,1563199545000,1202
1546,138.60166666666666,1563199546000,105
1547,138.6247000000001,1563199547000,3793
1548,138.64438979591822,1563199548000,10459
1549,138.653,1563199549000,232
1550,138.65605,1563199550000,594
1551,138.6590909090909,1563199551000,1062
1552,138.65833333333333,1563199552000,205
1553,138.64411224489805,1563199553000,4593
1554,138.64958333333337,1563199554000,1990
1555,138.655,1563199555000,7
1556,138.6546,1563199556000,35
1557,138.65,1563199557000,10
1558,138.64571428571426,1563199558000,1330
1559,138.64124999999999,1563199559000,501
1560,138.64989411764708,1563199560000,2146
1561,138.63781818181818,1563199561000,912
1562,138.61956944444438,1563199562000,5414
1563,138.62666666666667,1563199563000,119
1564,138.6296666666667,1563199564000,1426
1565,138.6337,1563199565000,700
1566,138.63,1563199566000,10
1567,138.62722222222223,1563199567000,1110
1568,138.6195,1563199568000,756
1569,138.62120769230768,1563199569000,1370
1570,138.62323333333333,1563199570000,201
1571,138.6176,1563199571000,2000
1572,138.62,1563199572000,1
1573,138.62383333333335,1563199573000,2481
1574,138.61874999999998,1563199574000,1326
1575,138.61958333333328,1563199575000,1061
1576,138.6228,1563199576000,205
1577,138.62,1563199577000,6
1578,138.62,1563199578000,10
1579,138.62,1563199579000,1
1580,138.625,1563199580000,340
1581,138.62,1563199581000,100
1582,138.61397260273972,1563199582000,9944
1583,138.6245,1563199583000,540
1584,138.6249,1563199584000,1000
1585,138.62,1563199585000,109
1586,138.61965,1563199586000,223
1587,138.615,1563199587000,1
1588,138.61,1563199588000,41
1589,138.61166666666668,1563199589000,260
1590,138.61483333333334,1563199590000,675
1591,138.61200000000002,1563199591000,729
1592,138.61185,1563199592000,423
1593,138.61165555555556,1563199593000,680
1594,138.60345,1563199594000,215
1595,138.6,1563199595000,400
1596,138.605,1563199596000,1
1597,138.6025,1563199597000,400
1598,138.5957317073171,1563199598000,3997
1599,138.58862962962968,1563199599000,2808
1600,138.59174444444443,1563199600000,1393
1601,138.59,1563199601000,162
1602,138.59949999999998,1563199602000,971
1603,138.5995214285714,1563199603000,1405
1604,138.60133333333332,1563199604000,1443
1605,138.6085,1563199605000,905
1606,138.60635,1563199606000,55
1607,138.601,1563199607000,2
1608,138.61,1563199608000,1
1609,138.60916666666668,1563199609000,279
1610,138.61,1563199610000,100
1611,138.61,1563199611000,535
1612,138.61576666666667,1563199612000,108
1613,138.6164692307692,1563199613000,1700
1614,138.63136363636366,1563199614000,2302
1615,138.64352941176466,1563199615000,2358
1616,138.6456,1563199616000,135
1617,138.65,1563199617000,650
1618,138.6525,1563199618000,137
1619,138.6522,1563199619000,300
1620,138.65,1563199620000,884
1621,138.6499,1563199621000,3
1622,138.6435,1563199622000,329
1623,138.64706875000002,1563199623000,746
1624,138.660452,1563199624000,2210
1625,138.67333333333335,1563199625000,242
1626,138.677525,1563199626000,1541
1627,138.67593333333335,1563199627000,1527
1628,138.675,1563199628000,1
1629,138.67513333333332,1563199629000,78
1630,138.67875,1563199630000,1105
1631,138.68,1563199631000,215
1632,138.675,1563199632000,1
1633,138.6766,1563199633000,17
1634,138.6803571428572,1563199634000,1108
1635,138.6798,1563199635000,518
1636,138.678448275862,1563199636000,3920
1637,138.69043333333335,1563199637000,1640
1638,138.6975,1563199638000,5
1639,138.69605714285714,1563199639000,1001
1640,138.70080416666661,1563199640000,2310
1641,138.7211258064516,1563199641000,2506
1642,138.74068333333335,1563199642000,560
1643,138.74333333333334,1563199643000,529
1644,138.74663333333334,1563199644000,107
1645,138.74165,1563199645000,75
1646,138.75095,1563199646000,55
1647,138.7475,1563199647000,210
1648,138.74833333333333,1563199648000,200
1649,138.75006363636365,1563199649000,821
1650,138.75006666666667,1563199650000,101
1651,138.75971666666666,1563199651000,1705
1652,138.77,1563199652000,1016
1653,138.77004705882354,1563199653000,4274
1654,138.76784285714285,1563199654000,925
1655,138.76924545454543,1563199655000,770
1656,138.78001999999998,1563199656000,1507
1657,138.785,1563199657000,210
1658,138.7785857142857,1563199658000,923
1659,138.78232142857144,1563199659000,2971
1660,138.7813,1563199660000,164
1661,138.78431999999998,1563199661000,920
1662,138.7950411764706,1563199662000,1188
1663,138.80082999999996,1563199663000,724
1664,138.80666666666667,1563199664000,1101
1665,138.81,1563199665000,30
1666,138.80875,1563199666000,900
1667,138.8125,1563199667000,109
1668,138.8091,1563199668000,100
1669,138.815875,1563199669000,236
1670,138.81833333333333,1563199670000,13
1671,138.81661428571428,1563199671000,2363
1672,138.81061304347827,1563199672000,2565
1673,138.8090111111111,1563199673000,805
1674,138.805,1563199674000,2
1675,138.79937499999997,1563199675000,1531
1676,138.793575,1563199676000,337
1677,138.79090909090908,1563199677000,1113
1678,138.79075555555553,1563199678000,1995
1679,138.7957,1563199679000,140
1680,138.79999999999998,1563199680000,226
1681,138.79495,1563199681000,11
1682,138.79999999999998,1563199682000,887
1683,138.8,1563199683000,36
1684,138.7256,1563199684000,100
1685,138.8042,1563199685000,226
1686,138.8121357142857,1563199686000,1213
1687,138.82831666666667,1563199687000,610
1688,138.8282,1563199688000,206
1689,138.839,1563199689000,1
1690,138.83333333333334,1563199690000,42
1691,138.831,1563199691000,300
1692,138.82984062499997,1563199692000,3601
1693,138.80999999999997,1563199693000,722
1694,138.81495,1563199694000,95
1695,138.81,1563199695000,100
1696,138.81,1563199696000,10
1697,138.819,1563199697000,1
1698,138.8,1563199698000,100
1699,138.81,1563199699000,11
1700,138.79999999999998,1563199700000,703
1701,138.81,1563199701000,100
1702,138.80863636363634,1563199702000,751
1703,138.80710000000002,1563199703000,57
1704,138.8042,1563199704000,33
1705,138.80764,1563199705000,30
1706,138.8,1563199706000,26
1707,138.8064,1563199707000,7
1708,138.81,1563199708000,2
1709,138.81,1563199709000,100
1710,138.81,1563199710000,5
1711,138.81246666666667,1563199711000,130
1712,138.81585,1563199712000,313
1713,138.81938999999994,1563199713000,854
1714,138.84762083333345,1563199714000,8117
1715,138.84015217391305,1563199715000,1655
1716,138.8399,1563199716000,43
1717,138.8375,1563199717000,101
1718,138.8325,1563199718000,375
1719,138.81999999999996,1563199719000,1238
1720,138.80635999999998,1563199720000,556
1721,138.8,1563199721000,1
1722,138.8,1563199722000,29
1723,138.81,1563199723000,200
1724,138.80999999999997,1563199724000,402
1725,138.8225,1563199725000,137
1726,138.82111428571426,1563199726000,515
1727,138.85500000000002,1563199727000,184
1728,138.82,1563199728000,100
1729,138.83204999999998,1563199729000,1536
1730,138.82314999999997,1563199730000,971
1731,138.82,1563199731000,100
1732,138.82,1563199732000,86
1733,138.81999999999996,1563199733000,500
1734,138.8084,1563199734000,1392
1735,138.8177,1563199735000,2000
1736,138.82254285714285,1563199736000,1340
1737,138.815,1563199737000,2
1738,138.815,1563199738000,21
1739,138.81019999999998,1563199739000,709
1740,138.80875,1563199740000,22
1741,138.79999999999998,1563199741000,512
1742,138.8025,1563199742000,211
1743,138.797,1563199743000,5
1744,138.80271666666667,1563199744000,549
1745,138.81125,1563199745000,1015
1746,138.815,1563199746000,1
1747,138.815,1563199747000,4
1748,138.8125,1563199748000,200
1749,138.81999999999996,1563199749000,175
1750,138.81666666666663,1563199750000,499
1751,138.81562,1563199751000,139
1752,138.82,1563199752000,100
1753,138.8175,1563199753000,444
1754,138.81999999999996,1563199754000,1201
1755,138.815,1563199755000,2
1756,138.81,1563199756000,371
1757,138.8134,1563199757000,1100
1758,138.81,1563199758000,100
1759,138.81,1563199759000,100
1760,138.80781249999998,1563199760000,1191
1761,138.80166666666668,1563199761000,110
1762,138.804375,1563199762000,76
1763,138.801,1563199763000,427
1764,138.80493333333334,1563199764000,109
1765,138.79166666666666,1563199765000,792
1766,138.78494999999998,1563199766000,51
1767,138.78958333333333,1563199767000,630
1768,138.79,1563199768000,5
1769,138.79,1563199769000,100
1770,138.78290833333332,1563199770000,398
1771,138.78000000000003,1563199771000,929
1772,138.78,1563199772000,100
1773,138.785,1563199773000,210
1774,138.7837,1563199774000,20
1775,138.785,1563199775000,4
1776,138.78871666666666,1563199776000,126
1777,138.785,1563199777000,1
1778,138.78833333333333,1563199778000,994
1779,138.7966,1563199779000,35
1780,138.79930769230765,1563199780000,913
1781,138.80952380952377,1563199781000,1658
1782,138.81109999999998,1563199782000,47
1783,138.80900000000003,1563199783000,300
1784,138.81234999999998,1563199784000,346
1785,138.6943,1563199785000,100
1786,138.81,1563199786000,7
1787,138.82,1563199787000,452
1788,138.825,1563199788000,300
1789,138.82036666666664,1563199789000,681
1790,138.80909090909088,1563199790000,1201
1791,138.805,1563199791000,3
1792,138.805,1563199792000,2
1793,138.81,1563199793000,16
1794,138.80633333333333,1563199794000,182
1795,138.8025,1563199795000,101
1796,138.79178571428574,1563199796000,1610
1797,138.77722,1563199797000,404
1798,138.77666666666667,1563199798000,303
1799,138.78,1563199799000,6
1800,138.77833333333334,1563199800000,50
1801,138.76916666666668,1563199801000,520
1802,138.77371999999997,1563199802000,336
1803,138.77166666666668,1563199803000,57
1804,138.7775,1563199804000,498
1805,138.77566666666667,1563199805000,153
1806,138.77891304347833,1563199806000,1031
1807,138.77309999999997,1563199807000,174
1808,138.775,1563199808000,1
1809,138.779,1563199809000,155
1810,138.775,1563199810000,100
1811,138.78072,1563199811000,1063
1812,138.78895,1563199812000,75
1813,138.8007142857143,1563199813000,416
1814,138.81,1563199814000,100
1815,138.8,1563199815000,158
1816,138.805,1563199816000,200
1817,138.81,1563199817000,100
1818,138.8117375,1563199818000,1166
1819,138.805,1563199819000,25
1820,138.8,1563199820000,100
1821,138.79999999999998,1563199821000,1316
1822,138.8,1563199822000,90
1823,138.80304999999998,1563199823000,102
1824,138.80156666666667,1563199824000,93
1825,138.8,1563199825000,399
1826,138.8,1563199826000,100
1827,138.8025,1563199827000,40
1828,138.79999999999998,1563199828000,615
1829,138.7944,1563199829000,5
1830,138.79,1563199830000,300
1831,138.79663333333335,1563199831000,141
1832,138.79690000000002,1563199832000,40
1833,138.795,1563199833000,21
1834,138.79475,1563199834000,209
1835,138.7949,1563199835000,1
1836,138.795,1563199836000,100
1837,138.8,1563199837000,100
1838,138.8,1563199838000,100
1839,138.80131578947368,1563199839000,1593
1840,138.80239999999998,1563199840000,482
1841,138.805,1563199841000,3
1842,138.80666666666667,1563199842000,332
1843,138.805,1563199843000,8
1844,138.80000000000007,1563199844000,1895
1845,138.79049999999998,1563199845000,476
1846,138.78545454545454,1563199846000,490
1847,138.77820666666668,1563199847000,3792
1848,138.7732,1563199848000,94
1849,138.77,1563199849000,300
1850,138.76700000000002,1563199850000,300
1851,138.7682652173913,1563199851000,2022
1852,138.775,1563199852000,70
1853,138.77405,1563199853000,108
1854,138.7768714285714,1563199854000,810
1855,138.7809,1563199855000,808
1856,138.78,1563199856000,100
1857,138.785,1563199857000,9
1858,138.78,1563199858000,701
1859,138.7775,1563199859000,25
1860,138.78,1563199860000,100
1861,138.7799,1563199861000,36
1862,138.77666666666667,1563199862000,103
1863,138.78653333333332,1563199863000,414
1864,138.78,1563199864000,1
1865,138.78,1563199865000,100
1866,138.776225,1563199866000,119
1867,138.775,1563199867000,10
1868,138.7775,1563199868000,161
1869,138.75136986301365,1563199869000,6567
1870,138.72972777777778,1563199870000,1606
1871,138.74634,1563199871000,427
1872,138.74833333333333,1563199872000,464
1873,138.76641999999998,1563199873000,112
1874,138.763,1563199874000,20
1875,138.76961538461538,1563199875000,808
1876,138.7792857142857,1563199876000,607
1877,138.7719,1563199877000,22
1878,138.78,1563199878000,835
1879,138.775,1563199879000,51
1880,138.77961666666667,1563199880000,755
1881,138.77166666666668,1563199881000,501
1882,138.785,1563199882000,50
1883,138.77,1563199883000,10
1884,138.77,1563199884000,200
1885,138.77333333333334,1563199885000,290
1886,138.77076923076922,1563199886000,912
1887,138.78222222222223,1563199887000,604
1888,138.7885714285714,1563199888000,610
1889,138.785,1563199889000,102
1890,138.77866666666665,1563199890000,590
1891,138.7712,1563199891000,2333
1892,138.78,1563199892000,592
1893,138.79,1563199893000,1453
1894,138.7901,1563199894000,800
1895,138.7973,1563199895000,50
1896,138.80882352941177,1563199896000,3103
1897,138.82999999999998,1563199897000,1624
1898,138.83575384615384,1563199898000,646
1899,138.84,1563199899000,278
1900,138.8437888888889,1563199900000,903
1901,138.845,1563199901000,1
1902,138.8403,1563199902000,12
1903,138.8423,1563199903000,30
1904,138.83874999999998,1563199904000,822
1905,138.835,1563199905000,90
1906,138.835,1563199906000,10
1907,138.835,1563199907000,2
1908,138.8318,1563199908000,145
1909,138.83,1563199909000,10
1910,138.83,1563199910000,100
1911,138.8280263157895,1563199911000,1781
1912,138.81736842105263,1563199912000,1910
1913,138.81,1563199913000,100
1914,138.81,1563199914000,100
1915,138.81,1563199915000,300
1916,138.80833333333334,1563199916000,201
1917,138.79993125,1563199917000,1395
1918,138.8,1563199918000,107
1919,138.8034,1563199919000,30
1920,138.80972500000001,1563199920000,373
1921,138.80970588235292,1563199921000,889
1922,138.81,1563199922000,100
1923,138.8191,1563199923000,56
1924,138.8181,1563199924000,68
1925,138.81847499999998,1563199925000,442
1926,138.82042857142855,1563199926000,298
1927,138.82835555555556,1563199927000,710
1928,138.83999090909094,1563199928000,1906
1929,138.84494999999998,1563199929000,104
1930,138.84,1563199930000,488
1931,138.845,1563199931000,100
1932,138.847,1563199932000,305
1933,138.85057,1563199933000,1022
1934,138.8476,1563199934000,103
1935,138.84,1563199935000,48
1936,138.83876428571426,1563199936000,1060
1937,138.8342,1563199937000,300
1938,138.8377,1563199938000,1000
1939,138.83,1563199939000,398
1940,138.82725,1563199940000,285
1941,138.82,1563199941000,11
1942,138.82,1563199942000,600
1943,138.81,1563199943000,300
1944,138.80511739130438,1563199944000,1809
1945,138.795,1563199945000,50
1946,138.8,1563199946000,60
1947,138.795,1563199947000,6
1948,138.795,1563199948000,100
1949,138.80110555555555,1563199949000,1134
1950,138.8099,1563199950000,4
1951,138.8027,1563199951000,500
1952,138.805,1563199952000,11
1953,138.80999999999997,1563199953000,1257
1954,138.81,1563199954000,44
1955,138.81116666666668,1563199955000,250
1956,138.81558,1563199956000,5847
1957,138.815,1563199957000,186
1958,138.815,1563199958000,2
1959,138.8050863636364,1563199959000,1625
1960,138.8003,1563199960000,1268
1961,138.7997333333333,1563199961000,6600
1962,138.78950999999998,1563199962000,680
1963,138.79115384615386,1563199963000,2497
1964,138.789,1563199964000,302
1965,138.78915384615382,1563199965000,5020
1966,138.795,1563199966000,423
1967,138.79739999999998,1563199967000,331
1968,138.8,1563199968000,7
1969,138.7966,1563199969000,26
1970,138.795,1563199970000,100
1971,138.7997,1563199971000,41
1972,138.795,1563199972000,500
1973,138.79663333333335,1563199973000,501
1974,138.7975,1563199974000,105
1975,138.79999999999998,1563199975000,1596
1976,138.80701428571427,1563199976000,677
1977,138.805,1563199977000,1633
1978,138.80720000000002,1563199978000,121
1979,138.8,1563199979000,200
1980,138.81,1563199980000,36
1981,138.81,1563199981000,5
1982,138.8078571428571,1563199982000,1069
1983,138.8,1563199983000,1
1984,138.81,1563199984000,2
1985,138.79648055555558,1563199985000,2976
1986,138.78875,1563199986000,104
1987,138.78881818181816,1563199987000,1307
1988,138.79395,1563199988000,51
1989,138.8,1563199989000,100
1990,138.79999999999998,1563199990000,700
1991,138.79593333333335,1563199991000,157
1992,138.7975,1563199992000,161
1993,138.8033333333333,1563199993000,2332
1994,138.80460000000002,1563199994000,205
1995,138.8,1563199995000,100
1996,138.79791666666665,1563199996000,1007
1997,138.78582000000003,1563199997000,1159
1998,138.78390000000002,1563199998000,19
1999,138.78,1563199999000,100
2000,138.77657142857143,1563200000000,1200
2001,138.7735,1563200001000,100
2002,138.78,1563200002000,75
2003,138.7725,1563200003000,84
2004,138.77016666666665,1563200004000,1303
2005,138.7620470588235,1563200005000,885
2006,138.76,1563200006000,1413
2007,138.77029285714286,1563200007000,1901
2008,138.76749999999998,1563200008000,24
2009,138.77,1563200009000,200
2010,138.7617,1563200010000,284
2011,138.76749999999998,1563200011000,2
2012,138.7585294117647,1563200012000,857
2013,138.76,1563200013000,136
2014,138.75,1563200014000,100
2015,138.7512,1563200015000,4
2016,138.75,1563200016000,428
2017,138.75117,1563200017000,1959
2018,138.74,1563200018000,900
2019,138.73,1563200019000,240
2020,138.72795,1563200020000,28
2021,138.72666666666666,1563200021000,1056
2022,138.72658,1563200022000,851
2023,138.71921666666668,1563200023000,942
2024,138.716325,1563200024000,207
2025,138.70550666666662,1563200025000,3075
2026,138.705,1563200026000,100
2027,138.70038461538462,1563200027000,648
2028,138.6908,1563200028000,3200
2029,138.69499999999996,1563200029000,521
2030,138.6937,1563200030000,30
2031,138.69,1563200031000,78
2032,138.7,1563200032000,35
2033,138.69475,1563200033000,203
2034,138.69254999999998,1563200034000,29
2035,138.69,1563200035000,100
2036,138.69000000000003,1563200036000,1357
2037,138.67834210526317,1563200037000,2032
2038,138.675,1563200038000,40
2039,138.6775,1563200039000,315
2040,138.666,1563200040000,599
2041,138.6687804878049,1563200041000,3691
2042,138.66644444444444,1563200042000,1600
2043,138.66353333333333,1563200043000,88
2044,138.66492499999998,1563200044000,802
2045,138.665,1563200045000,2
2046,138.665,1563200046000,20
2047,138.665,1563200047000,200
2048,138.66299999999998,1563200048000,707
2049,138.6625,1563200049000,1203
2050,138.67,1563200050000,28
2051,138.665,1563200051000,3
2052,138.66635,1563200052000,92
2053,138.66196999999997,1563200053000,1952
2054,138.66355,1563200054000,500
2055,138.6677777777778,1563200055000,500
2056,138.66736666666665,1563200056000,3274
2057,138.67,1563200057000,100
2058,138.6679368421053,1563200058000,1562
2059,138.67,1563200059000,200
2060,138.66,1563200060000,100
2061,138.66125,1563200061000,400
2062,138.66436666666664,1563200062000,103
2063,138.66666666666666,1563200063000,303
2064,138.67107142857145,1563200064000,1384
2065,138.6950593220338,1563200065000,4721
2066,138.71769230769223,1563200066000,2498
2067,138.72,1563200067000,100
2068,138.72315,1563200068000,1102
2069,138.72375,1563200069000,525
2070,138.72095000000002,1563200070000,150
2071,138.7262,1563200071000,57
2072,138.73,1563200072000,21
2073,138.73,1563200073000,78
2074,138.72725609756088,1563200074000,4806
2075,138.71064024390253,1563200075000,7675
2076,138.6962,1563200076000,475
2077,138.69815263157895,1563200077000,3307
2078,138.70280000000002,1563200078000,941
2079,138.705,1563200079000,2
2080,138.7044857142857,1563200080000,991
2081,138.70916666666668,1563200081000,500
2082,138.71608333333336,1563200082000,786
2083,138.74,1563200083000,1301
2084,138.7467,1563200084000,910
2085,138.74368,1563200085000,310
2086,138.745,1563200086000,508
2087,138.74066000000002,1563200087000,1012
2088,138.73735,1563200088000,205
2089,138.73,1563200089000,100
2090,138.73,1563200090000,700
2091,138.7124,1563200091000,100
2092,138.71,1563200092000,100
2093,138.71,1563200093000,200
2094,138.71,1563200094000,701
2095,138.71,1563200095000,600
2096,138.72,1563200096000,805
2097,138.71821428571428,1563200097000,1269
2098,138.717,1563200098000,380
2099,138.70833333333334,1563200099000,250
2100,138.69850000000008,1563200100000,2069
2101,138.6997,1563200101000,81
2102,138.69723333333334,1563200102000,756
2103,138.695,1563200103000,13
2104,138.69563333333335,1563200104000,76
2105,138.68346388888887,1563200105000,2658
2106,138.69,1563200106000,75
2107,138.69,1563200107000,6
2108,138.68987500000003,1563200108000,104
2109,138.68690476190477,1563200109000,2070
2110,138.68405,1563200110000,101
2111,138.6845,1563200111000,200
2112,138.6895,1563200112000,1
2113,138.69,1563200113000,100
2114,138.68833333333336,1563200114000,450
2115,138.68,1563200115000,100
2116,138.6899,1563200116000,2
2117,138.68765714285715,1563200117000,499
2118,138.69,1563200118000,44
2119,138.69,1563200119000,251
2120,138.695,1563200120000,22
2121,138.6922,1563200121000,67
2122,138.70338,1563200122000,775
2123,138.70408000000003,1563200123000,388
2124,138.71068,1563200124000,445
2125,138.708,1563200125000,500
2126,138.70375,1563200126000,325
2127,138.71015,1563200127000,1317
2128,138.70166666666668,1563200128000,409
2129,138.7,1563200129000,158
2130,138.70001250000004,1563200130000,1418
2131,138.696225,1563200131000,1285
2132,138.695,1563200132000,500
2133,138.69675714285708,1563200133000,1640
2134,138.7,1563200134000,11
2135,138.6975757575757,1563200135000,2934
2136,138.69121111111113,1563200136000,997
2137,138.6948,1563200137000,236
2138,138.695,1563200138000,6
2139,138.7,1563200139000,79
2140,138.6945,1563200140000,791
2141,138.6948275862069,1563200141000,2328
2142,138.69,1563200142000,439
2143,138.6925,1563200143000,1913
2144,138.695,1563200144000,150
2145,138.692325,1563200145000,1646
2146,138.68985000000004,1563200146000,1192
2147,138.6855,1563200147000,203
2148,138.69098333333338,1563200148000,1103
2149,138.6925,1563200149000,325
2150,138.6985,1563200150000,105
2151,138.69451923076926,1563200151000,3155
2152,138.68626250000003,1563200152000,605
2153,138.70000000000002,1563200153000,1300
2154,138.705,1563200154000,100
2155,138.70833333333334,1563200155000,276
2156,138.721081081081,1563200156000,2795
2157,138.74064444444446,1563200157000,820
2158,138.74444444444444,1563200158000,1984
2159,138.75,1563200159000,2
2160,138.74315,1563200160000,814
2161,138.73766,1563200161000,336
2162,138.7468965517242,1563200162000,2265
2163,138.7618923076923,1563200163000,788
2164,138.761,1563200164000,791
2165,138.75200370370365,1563200165000,6754
2166,138.74,1563200166000,50
2167,138.745,1563200167000,3
2168,138.7483,1563200168000,107
2169,138.7484722222222,1563200169000,1890
2170,138.741,1563200170000,12
2171,138.7499,1563200171000,50
2172,138.74663333333334,1563200172000,230
2173,138.75,1563200173000,186
2174,138.745,1563200174000,1
2175,138.745,1563200175000,100
2176,138.75,1563200176000,100
2177,138.74863636363636,1563200177000,852
2178,138.755,1563200178000,110
2179,138.755,1563200179000,300
2180,138.76,1563200180000,100
2181,138.76006249999998,1563200181000,1049
2182,138.761825,1563200182000,762
2183,138.76649999999998,1563200183000,122
2184,138.765,1563200184000,2051
2185,138.76607142857142,1563200185000,3593
2186,138.76835,1563200186000,163
2187,138.76874999999998,1563200187000,310
2188,138.76285000000001,1563200188000,400
2189,138.767,1563200189000,291
2190,138.76884615384614,1563200190000,1495
2191,138.76923076923077,1563200191000,1283
2192,138.77,1563200192000,100
2193,138.768375,1563200193000,112
2194,138.7696,1563200194000,36
2195,138.765,1563200195000,7
2196,138.762,1563200196000,20
2197,138.7584782608696,1563200197000,2080
2198,138.75455,1563200198000,55
2199,138.7575,1563200199000,4
2200,138.749,1563200200000,606
2201,138.74130000000002,1563200201000,500
2202,138.73857142857145,1563200202000,425
2203,138.7364,1563200203000,475
2204,138.73590000000002,1563200204000,222
2205,138.7319777777778,1563200205000,605
2206,138.735,1563200206000,1
2207,138.74,1563200207000,2
2208,138.74043478260865,1563200208000,2486
2209,138.745,1563200209000,6
2210,138.74,1563200210000,1000
2211,138.73764705882354,1563200211000,1258
2212,138.73,1563200212000,1
2213,138.7285,1563200213000,485
2214,138.7299,1563200214000,10
2215,138.7291176470588,1563200215000,1309
2216,138.73,1563200216000,38
2217,138.7345,1563200217000,7
2218,138.74,1563200218000,367
2219,138.74,1563200219000,9
2220,138.735,1563200220000,200
2221,138.74,1563200221000,723
2222,138.75,1563200222000,100
2223,138.750625,1563200223000,700
2224,138.760625,1563200224000,602
2225,138.7647,1563200225000,500
2226,138.77022,1563200226000,208
2227,138.78,1563200227000,700
2228,138.7701,1563200228000,100
2229,138.77,1563200229000,100
2230,138.7700125,1563200230000,3350
2231,138.75857142857143,1563200231000,1007
2232,138.76,1563200232000,746
2233,138.76,1563200233000,100
2234,138.7597,1563200234000,500
2235,138.7599,1563200235000,8
2236,138.76,1563200236000,87
2237,138.76,1563200237000,14
2238,138.75,1563200238000,100
2239,138.755,1563200239000,100
2240,138.76,1563200240000,1
2241,138.7553,1563200241000,200
2242,138.758,1563200242000,12
2243,138.755,1563200243000,31
2244,138.7596153846154,1563200244000,1455
2245,138.76489999999998,1563200245000,215
2246,138.76,1563200246000,67
2247,138.76428333333334,1563200247000,978
2248,138.76035714285715,1563200248000,1024
2249,138.76084999999998,1563200249000,376
2250,138.7625,1563200250000,104
2251,138.77,1563200251000,5
2252,138.77,1563200252000,45
2253,138.76090909090908,1563200253000,1030
2254,138.75260869565216,1563200254000,1564
2255,138.73,1563200255000,100
2256,138.73336666666668,1563200256000,176
2257,138.73253333333332,1563200257000,86
2258,138.73,1563200258000,100
2259,138.73,1563200259000,100
2260,138.73166666666665,1563200260000,200
2261,138.73931739130438,1563200261000,1935
2262,138.74,1563200262000,1
2263,138.74003333333334,1563200263000,400
2264,138.745,1563200264000,1
2265,138.74,1563200265000,100
2266,138.7318181818182,1563200266000,785
2267,138.732,1563200267000,300
2268,138.74115384615385,1563200268000,1069
2269,138.75,1563200269000,100
2270,138.745,1563200270000,17
2271,138.745,1563200271000,200
2272,138.7520833333334,1563200272000,3362
2273,138.77,1563200273000,1200
2274,138.76964285714286,1563200274000,1786
2275,138.77,1563200275000,450
2276,138.77700000000002,1563200276000,200
2277,138.78,1563200277000,450
2278,138.78289999999998,1563200278000,111
2279,138.77998888888888,1563200279000,542
2280,138.78744999999998,1563200280000,27
2281,138.789,1563200281000,32
2282,138.785,1563200282000,100
2283,138.783225,1563200283000,613
2284,138.77,1563200284000,1
2285,138.78,1563200285000,708
2286,138.775,1563200286000,200
2287,138.77745,1563200287000,20
2288,138.77161875,1563200288000,772
2289,138.76695,1563200289000,38
2290,138.758375,1563200290000,803
2291,138.755,1563200291000,135
2292,138.75423333333333,1563200292000,93
2293,138.74765,1563200293000,386
2294,138.75,1563200294000,81
2295,138.74954090909088,1563200295000,1823
2296,138.75,1563200296000,387
2297,138.7455,1563200297000,50
2298,138.75,1563200298000,100
2299,138.74795,1563200299000,50
2300,138.745,1563200300000,360
2301,138.74710000000002,1563200301000,201
2302,138.75,1563200302000,401
2303,138.76,1563200303000,501
2304,138.765,1563200304000,200
2305,138.7699,1563200305000,5
2306,138.76857142857142,1563200306000,509
2307,138.76,1563200307000,3
2308,138.7698,1563200308000,30
2309,138.7691583333333,1563200309000,982
2310,138.76475,1563200310000,176
2311,138.76405,1563200311000,76
2312,138.7625,1563200312000,700
2313,138.7661,1563200313000,50
2314,138.76745,1563200314000,3
2315,138.77,1563200315000,1
2316,138.7699,1563200316000,2
2317,138.76,1563200317000,95
2318,138.765,1563200318000,100
2319,138.7682,1563200319000,25
2320,138.77,1563200320000,55
2321,138.765,1563200321000,35
2322,138.7635,1563200322000,300
2323,138.76026315789477,1563200323000,1736
2324,138.75,1563200324000,3008
2325,138.755,1563200325000,3
2326,138.75055555555556,1563200326000,566
2327,138.7425,1563200327000,104
2328,138.74525555555556,1563200328000,1161
2329,138.745,1563200329000,40
2330,138.745,1563200330000,7
2331,138.75,1563200331000,200
2332,138.7442,1563200332000,360
2333,138.7428,1563200333000,6
2334,138.7382142857143,1563200334000,1113
2335,138.741,1563200335000,920
2336,138.74745000000001,1563200336000,18
2337,138.74128333333334,1563200337000,306
2338,138.7425,1563200338000,3
2339,138.74833333333333,1563200339000,101
2340,138.7425,1563200340000,7
2341,138.7428,1563200341000,102
2342,138.739,1563200342000,500
2343,138.74505,1563200343000,251
2344,138.74,1563200344000,110
2345,138.745,1563200345000,34
2346,138.745,1563200346000,1
2347,138.7462,1563200347000,54
2348,138.7338736842105,1563200348000,4650
2349,138.72443333333334,1563200349000,177
2350,138.7275,1563200350000,110
2351,138.72083333333333,1563200351000,703
2352,138.71,1563200352000,57
2353,138.7,1563200353000,24
2354,138.705,1563200354000,35
2355,138.7097,1563200355000,500
2356,138.71,1563200356000,4
2357,138.70844722222222,1563200357000,8208
2358,138.7190909090909,1563200358000,1412
2359,138.72,1563200359000,100
2360,138.72,1563200360000,1
2361,138.72,1563200361000,500
2362,138.73065217391303,1563200362000,1533
2363,138.73833333333334,1563200363000,135
2364,138.74,1563200364000,220
2365,138.73927857142857,1563200365000,822
2366,138.74603333333334,1563200366000,54
2367,138.73875,1563200367000,441
2368,138.735,1563200368000,29
2369,138.73,1563200369000,1000
2370,138.72914545454543,1563200370000,979
2371,138.73,1563200371000,300
2372,138.73,1563200372000,65
2373,138.7201,1563200373000,24
2374,138.725,1563200374000,25
2375,138.72,1563200375000,25
2376,138.725,1563200376000,204
2377,138.7300142857143,1563200377000,1319
2378,138.7357142857143,1563200378000,810
2379,138.73,1563200379000,100
2380,138.73594,1563200380000,2320
2381,138.73625,1563200381000,124
2382,138.7392896551724,1563200382000,2198
2383,138.7371,1563200383000,303
2384,138.7404999999999,1563200384000,2759
2385,138.73055555555555,1563200385000,677
2386,138.73,1563200386000,100
2387,138.73,1563200387000,475
2388,138.735,1563200388000,10
2389,138.735,1563200389000,100
2390,138.74,1563200390000,10
2391,138.7342,1563200391000,100
2392,138.735,1563200392000,2
2393,138.73,1563200393000,10
2394,138.7357,1563200394000,77
2395,138.74,1563200395000,63
2396,138.74031250000002,1563200396000,1448
2397,138.74,1563200397000,100
2398,138.74033333333335,1563200398000,1401
2399,138.75153,1563200399000,1318
2400,138.755,1563200400000,1
2401,138.76,1563200401000,100
2402,138.76,1563200402000,316
2403,138.755,1563200403000,200
2404,138.755,1563200404000,300
2405,138.755,1563200405000,300
2406,138.75745,1563200406000,1200
2407,138.7536,1563200407000,64
2408,138.759975,1563200408000,17
2409,138.76,1563200409000,100
2410,138.76019230769234,1563200410000,2788
2411,138.7667111111111,1563200411000,346
2412,138.765,1563200412000,11
2413,138.75911764705882,1563200413000,1555
2414,138.76,1563200414000,300
2415,138.75035714285715,1563200415000,944
2416,138.74503333333334,1563200416000,755
2417,138.74059000000003,1563200417000,840
2418,138.731275,1563200418000,1381
2419,138.73225,1563200419000,504
2420,138.735,1563200420000,36
2421,138.73,1563200421000,8
2422,138.73,1563200422000,92
2423,138.74,1563200423000,8
2424,138.735,1563200424000,4
2425,138.73,1563200425000,20
2426,138.73,1563200426000,80
2427,138.73,1563200427000,238
2428,138.73415,1563200428000,19
2429,138.72189310344822,1563200429000,2935
2430,138.72125,1563200430000,123
2431,138.71603333333334,1563200431000,103
2432,138.7142,1563200432000,24
2433,138.72,1563200433000,7
2434,138.71,1563200434000,992
2435,138.7,1563200435000,5
2436,138.705,1563200436000,3
2437,138.7025,1563200437000,168
2438,138.69932727272726,1563200438000,1775
2439,138.69,1563200439000,300
2440,138.68962000000005,1563200440000,1758
2441,138.685,1563200441000,130
2442,138.68954545454548,1563200442000,820
2443,138.7,1563200443000,17
2444,138.7,1563200444000,100
2445,138.7,1563200445000,100
2446,138.70000000000002,1563200446000,1546
2447,138.705,1563200447000,5
2448,138.71235333333334,1563200448000,1719
2449,138.71875,1563200449000,308
2450,138.72,1563200450000,1000
2451,138.7228,1563200451000,21
2452,138.72,1563200452000,28
2453,138.73,1563200453000,50
2454,138.728,1563200454000,539
2455,138.7275,1563200455000,200
2456,138.725,1563200456000,1
2457,138.726,1563200457000,36
2458,138.73,1563200458000,100
2459,138.7272,1563200459000,203
2460,138.73,1563200460000,45
2461,138.72772727272726,1563200461000,502
2462,138.7325,1563200462000,61
2463,138.735,1563200463000,15
2464,138.738,1563200464000,50
2465,138.73100000000002,1563200465000,303
2466,138.71964285714287,1563200466000,605
2467,138.71564999999998,1563200467000,16
2468,138.719,1563200468000,501
2469,138.71533333333335,1563200469000,110
2470,138.711,1563200470000,433
2471,138.71,1563200471000,729
2472,138.7,1563200472000,100
2473,138.70000000000002,1563200473000,1422
2474,138.696,1563200474000,50
2475,138.6925,1563200475000,301
2476,138.695,1563200476000,20
2477,138.7,1563200477000,100
2478,138.6975,1563200478000,100
2479,138.69639999999998,1563200479000,2105
2480,138.7022222222222,1563200480000,3614
2481,138.71,1563200481000,203
2482,138.7017,1563200482000,2
2483,138.70981250000003,1563200483000,568
2484,138.71175,1563200484000,1008
2485,138.7121,1563200485000,100
2486,138.715,1563200486000,337
2487,138.715,1563200487000,114
2488,138.71137777777778,1563200488000,1194
2489,138.71550000000002,1563200489000,374
2490,138.71944444444443,1563200490000,1064
2491,138.715,1563200491000,3
2492,138.7147,1563200492000,184
2493,138.70977272727274,1563200493000,901
2494,138.7032,1563200494000,75
2495,138.70690000000002,1563200495000,2020
2496,138.71,1563200496000,800
2497,138.715,1563200497000,1
2498,138.715,1563200498000,1
2499,138.71335,1563200499000,244
2500,138.7199,1563200500000,1
2501,138.7199,1563200501000,3
2502,138.7195379310344,1563200502000,2337
2503,138.71723333333333,1563200503000,59
2504,138.7101416666667,1563200504000,1303
2505,138.705,1563200505000,2
2506,138.70917500000002,1563200506000,216
2507,138.7125,1563200507000,301
2508,138.7142,1563200508000,1
2509,138.715,1563200509000,3
2510,138.72399999999996,1563200510000,1529
2511,138.72333333333333,1563200511000,133
2512,138.72494999999998,1563200512000,101
2513,138.7241,1563200513000,147
2514,138.7292142857143,1563200514000,423
2515,138.72747499999997,1563200515000,378
2516,138.7221,1563200516000,10
2517,138.72,1563200517000,28
2518,138.7241,1563200518000,7
2519,138.73583333333335,1563200519000,1022
2520,138.735,1563200520000,16
2521,138.74956086956527,1563200521000,1939
2522,138.76566666666665,1563200522000,1491
2523,138.7601,1563200523000,502
2524,138.769975,1563200524000,106
2525,138.765,1563200525000,200
2526,138.76595,1563200526000,125
2527,138.7625,1563200527000,81
2528,138.76125,1563200528000,662
2529,138.76,1563200529000,2
2530,138.75960588235296,1563200530000,1541
2531,138.77,1563200531000,415
2532,138.76966249999998,1563200532000,902
2533,138.781,1563200533000,1051
2534,138.79035714285712,1563200534000,1553
2535,138.78375,1563200535000,801
2536,138.765,1563200536000,3
2537,138.76445,1563200537000,106
2538,138.76685,1563200538000,301
2539,138.77,1563200539000,219
2540,138.78,1563200540000,367
2541,138.79033333333334,1563200541000,300
2542,138.795,1563200542000,188
2543,138.7975,1563200543000,4
2544,138.8,1563200544000,204
2545,138.797,1563200545000,131
2546,138.8005909090909,1563200546000,1014
2547,138.79413636363634,1563200547000,849
2548,138.7954,1563200548000,687
2549,138.795,1563200549000,155
2550,138.8,1563200550000,100
2551,138.79891666666666,1563200551000,349
2552,138.78856451612901,1563200552000,5685
2553,138.7732,1563200553000,38
2554,138.76950000000002,1563200554000,907
2555,138.76504999999997,1563200555000,1050
2556,138.76958333333332,1563200556000,1311
2557,138.76785714285714,1563200557000,519
2558,138.75416666666666,1563200558000,358
2559,138.75666666666666,1563200559000,35
2560,138.7567,1563200560000,253
2561,138.75553333333335,1563200561000,95
2562,138.75833333333333,1563200562000,219
2563,138.75745,1563200563000,105
2564,138.75,1563200564000,100
2565,138.75,1563200565000,100
2566,138.74975,1563200566000,664
2567,138.74714285714285,1563200567000,710
2568,138.75,1563200568000,100
2569,138.74147142857143,1563200569000,1066
2570,138.7446666666667,1563200570000,116
2571,138.74356666666668,1563200571000,74
2572,138.74745000000001,1563200572000,173
2573,138.74947058823528,1563200573000,1504
2574,138.7598,1563200574000,1
2575,138.76,1563200575000,50
2576,138.752,1563200576000,206
2577,138.75276666666664,1563200577000,2255
2578,138.76,1563200578000,207
2579,138.7582,1563200579000,457
2580,138.75050000000002,1563200580000,3080
2581,138.7482294117647,1563200581000,1321
2582,138.755,1563200582000,200
2583,138.755,1563200583000,3
2584,138.755,1563200584000,10
2585,138.75,1563200585000,1
2586,138.75,1563200586000,100
2587,138.7504347826087,1563200587000,2774
2588,138.75954545454545,1563200588000,1724
2589,138.74599999999992,1563200589000,5675
2590,138.745,1563200590000,15
2591,138.7461,1563200591000,36
2592,138.7499,1563200592000,36
2593,138.74,1563200593000,100
2594,138.74,1563200594000,100
2595,138.74166666666667,1563200595000,201
2596,138.7499,1563200596000,100
2597,138.75,1563200597000,20
2598,138.75,1563200598000,8
2599,138.745,1563200599000,100
2600,138.75,1563200600000,1308
2601,138.7558857142857,1563200601000,458
2602,138.76014705882363,1563200602000,2103
2603,138.76833333333335,1563200603000,260
2604,138.77,1563200604000,662
2605,138.773,1563200605000,142
2606,138.77696666666668,1563200606000,295
2607,138.78071428571428,1563200607000,421
2608,138.7803,1563200608000,100
2609,138.785,1563200609000,200
2610,138.79,1563200610000,200
2611,138.79,1563200611000,83
2612,138.79229999999998,1563200612000,177
2613,138.789995,1563200613000,1699
2614,138.78497999999996,1563200614000,343
2615,138.78445,1563200615000,279
2616,138.79,1563200616000,885
2617,138.79545,1563200617000,360
2618,138.795,1563200618000,100
2619,138.795,1563200619000,100
2620,138.79,1563200620000,556
2621,138.7972,1563200621000,27
2622,138.795,1563200622000,100
2623,138.795,1563200623000,2
2624,138.795,1563200624000,100
2625,138.795,1563200625000,50
2626,138.795,1563200626000,100
2627,138.80249999999998,1563200627000,1360
2628,138.80941600000003,1563200628000,2041
2629,138.825,1563200629000,250
2630,138.82993333333334,1563200630000,32
2631,138.83031249999996,1563200631000,6126
2632,138.8275,1563200632000,53
2633,138.82833333333335,1563200633000,206
2634,138.81907826086956,1563200634000,1889
2635,138.82,1563200635000,100
2636,138.82,1563200636000,100
2637,138.81899999999996,1563200637000,1264
2638,138.82666666666663,1563200638000,2026
2639,138.84742285714287,1563200639000,2459
2640,138.85411764705884,1563200640000,1993
2641,138.85573749999998,1563200641000,1468
2642,138.8573818181818,1563200642000,900
2643,138.86,1563200643000,100
2644,138.85469999999998,1563200644000,120
2645,138.859375,1563200645000,488
2646,138.86280000000002,1563200646000,2598
2647,138.86954545454543,1563200647000,483
2648,138.86907499999995,1563200648000,1790
2649,138.86665,1563200649000,6
2650,138.8661,1563200650000,14
2651,138.86,1563200651000,89
2652,138.8605,1563200652000,205
2653,138.86999999999998,1563200653000,287
2654,138.86035714285723,1563200654000,3413
2655,138.8475,1563200655000,145
2656,138.85,1563200656000,100
2657,138.849,1563200657000,1363
2658,138.85833333333338,1563200658000,1102
2659,138.86000000000007,1563200659000,1500
2660,138.87,1563200660000,13
2661,138.869,1563200661000,380
2662,138.8699,1563200662000,18
2663,138.8633,1563200663000,49
2664,138.86,1563200664000,166
2665,138.86325,1563200665000,268
2666,138.8589285714286,1563200666000,1092
2667,138.84998888888887,1563200667000,1065
2668,138.84822352941174,1563200668000,1455
2669,138.8557142857143,1563200669000,4402
2670,138.854725,1563200670000,155
2671,138.86,1563200671000,100
2672,138.8599,1563200672000,3
2673,138.8599,1563200673000,1
2674,138.86,1563200674000,300
2675,138.85610000000003,1563200675000,750
2676,138.86,1563200676000,100
2677,138.8597222222223,1563200677000,1937
2678,138.86065000000002,1563200678000,2430
2679,138.8516285714286,1563200679000,271
2680,138.85,1563200680000,29
2681,138.855,1563200681000,56
2682,138.85875000000001,1563200682000,400
2683,138.85027777777773,1563200683000,700
2684,138.8480111111111,1563200684000,2167
2685,138.84481481481478,1563200685000,2505
2686,138.84874999999997,1563200686000,1309
2687,138.8325108108108,1563200687000,2314
2688,138.84,1563200688000,100
2689,138.83336666666665,1563200689000,178
2690,138.835,1563200690000,5
2691,138.83466666666666,1563200691000,33
2692,138.83154,1563200692000,890
2693,138.83368000000002,1563200693000,286
2694,138.84,1563200694000,50
2695,138.83460000000002,1563200695000,80
2696,138.83999999999997,1563200696000,1359
2697,138.8499,1563200697000,2
2698,138.8475,1563200698000,81
2699,138.84175,1563200699000,1150
2700,138.85236363636358,1563200700000,5625
2701,138.86,1563200701000,100
2702,138.8659,1563200702000,13
2703,138.8427,1563200703000,32
2704,138.85529130434793,1563200704000,4378
2705,138.845,1563200705000,106
2706,138.846,1563200706000,11
2707,138.845,1563200707000,20
2708,138.845,1563200708000,1
2709,138.84406666666666,1563200709000,259
2710,138.84,1563200710000,100
2711,138.8381818181818,1563200711000,907
2712,138.835,1563200712000,50
2713,138.81864827586205,1563200713000,2483
2714,138.80972222222218,1563200714000,2178
2715,138.81,1563200715000,4
2716,138.81199999999998,1563200716000,216
2717,138.82,1563200717000,3
2718,138.8153,1563200718000,200
2719,138.81799999999998,1563200719000,1239
2720,138.81947894736842,1563200720000,1373
2721,138.8265,1563200721000,111
2722,138.82299999999998,1563200722000,200
2723,138.83,1563200723000,505
2724,138.83,1563200724000,100
2725,138.835,1563200725000,3
2726,138.83375,1563200726000,139
2727,138.84,1563200727000,50
2728,138.83856923076922,1563200728000,1591
2729,138.84,1563200729000,3
2730,138.84169166666666,1563200730000,948
2731,138.848,1563200731000,34
2732,138.8322888888889,1563200732000,909
2733,138.83,1563200733000,209
2734,138.83,1563200734000,100
2735,138.8298736842105,1563200735000,1466
2736,138.80800000000002,1563200736000,3020
2737,138.81,1563200737000,49
2738,138.80999999999997,1563200738000,456
2739,138.8192,1563200739000,1
2740,138.815,1563200740000,10
2741,138.803,1563200741000,2724
2742,138.7959,1563200742000,2
2743,138.7949,1563200743000,106
2744,138.8,1563200744000,13
2745,138.795,1563200745000,2
2746,138.79,1563200746000,6
2747,138.79,1563200747000,100
2748,138.78519230769237,1563200748000,851
2749,138.782,1563200749000,235
2750,138.785,1563200750000,28
2751,138.78,1563200751000,4
2752,138.78,1563200752000,600
2753,138.77892857142862,1563200753000,1941
2754,138.78000000000003,1563200754000,1696
2755,138.7833,1563200755000,140
2756,138.785,1563200756000,3
2757,138.785,1563200757000,165
2758,138.79,1563200758000,7
2759,138.7807692307692,1563200759000,1143
2760,138.7725,1563200760000,781
2761,138.77,1563200761000,30
2762,138.7795833333333,1563200762000,1016
2763,138.78,1563200763000,2706
2764,138.7819,1563200764000,50
2765,138.79,1563200765000,10
2766,138.785,1563200766000,27
2767,138.78744999999998,1563200767000,20
2768,138.7899,1563200768000,22
2769,138.78625,1563200769000,138
2770,138.78892499999998,1563200770000,176
2771,138.7871,1563200771000,1
2772,138.79233333333335,1563200772000,2564
2773,138.8,1563200773000,1717
2774,138.805,1563200774000,20
2775,138.8110692307692,1563200775000,912
2776,138.81375,1563200776000,551
2777,138.83029166666668,1563200777000,2561
2778,138.84,1563200778000,100
2779,138.8414285714286,1563200779000,505
2780,138.84125,1563200780000,800
2781,138.8015,1563200781000,100
2782,138.84436666666664,1563200782000,1500
2783,138.85,1563200783000,60
2784,138.84402,1563200784000,2049
2785,138.8441,1563200785000,15
2786,138.84,1563200786000,50
2787,138.845,1563200787000,118
2788,138.84,1563200788000,408
2789,138.83944444444444,1563200789000,712
2790,138.835,1563200790000,19
2791,138.835,1563200791000,1
2792,138.835,1563200792000,20
2793,138.84,1563200793000,303
2794,138.84166666666667,1563200794000,123
2795,138.840775,1563200795000,636
2796,138.8425,1563200796000,101
2797,138.85,1563200797000,35
2798,138.845,1563200798000,100
2799,138.84614,1563200799000,241
2800,138.8428,1563200800000,200
2801,138.85,1563200801000,50
2802,138.845,1563200802000,50
2803,138.84,1563200803000,576
2804,138.8305,1563200804000,21
2805,138.84833333333333,1563200805000,233
2806,138.84636666666665,1563200806000,134
2807,138.8428,1563200807000,502
2808,138.85,1563200808000,100
2809,138.845,1563200809000,101
2810,138.845,1563200810000,75
2811,138.845575,1563200811000,709
2812,138.845,1563200812000,1
2813,138.845,1563200813000,301
2814,138.83963333333335,1563200814000,408
2815,138.8417,1563200815000,933
2816,138.84609999999998,1563200816000,116
2817,138.8475,1563200817000,3
2818,138.84000000000003,1563200818000,954
2819,138.835,1563200819000,5
2820,138.84,1563200820000,947
2821,138.83999999999997,1563200821000,455
2822,138.84,1563200822000,608
2823,138.85,1563200823000,100
2824,138.84999999999997,1563200824000,1975
2825,138.84928888888888,1563200825000,1200
2826,138.8472,1563200826000,1500
