,price,unix_time,volume
0,201.95866666666666,1558446000000,973
1,202.02165,1558446001000,762
2,201.91272142857147,1558446002000,1052
3,201.893,1558446003000,368
4,201.9090533333333,1558446004000,905
5,201.8802,1558446005000,257
6,201.92776,1558446006000,555
7,201.83674444444443,1558446007000,2217
8,201.68625000000006,1558446008000,773
9,201.63841428571428,1558446009000,3150
10,201.53375757575762,1558446010000,1830
11,201.60119375,1558446011000,1543
12,201.70485,1558446012000,1194
13,201.71728,1558446013000,50
14,201.7579090909091,1558446014000,1489
15,201.7417133333333,1558446015000,1846
16,201.84252500000002,1558446016000,74
17,201.83866666666665,1558446017000,1335
18,201.8169428571429,1558446018000,589
19,201.56544102564106,1558446019000,3016
20,201.48253333333332,1558446020000,455
21,201.4943,1558446021000,347
22,201.53946,1558446022000,1001
23,201.45191,1558446023000,1266
24,201.47375882352938,1558446024000,2540
25,201.51781428571425,1558446025000,371
26,201.57752727272725,1558446026000,4659
27,201.6447777777778,1558446027000,1916
28,201.58333333333334,1558446028000,180
29,201.60994285714287,1558446029000,445
30,201.57015483870978,1558446030000,2240
31,201.64437142857145,1558446031000,419
32,201.64684,1558446032000,1793
33,201.5660565217391,1558446033000,4194
34,201.4806666666667,1558446034000,530
35,201.54263200000005,1558446035000,4613
36,201.5080875,1558446036000,1551
37,201.50365000000002,1558446037000,537
38,201.44406666666669,1558446038000,175
39,201.47820000000002,1558446039000,356
40,201.4842214285714,1558446040000,1156
41,201.4136,1558446041000,35
42,201.50199999999998,1558446042000,2112
43,201.51934285714287,1558446043000,562
44,201.53700000000023,1558446044000,4625
45,201.5885252747251,1558446045000,6787
46,201.63941052631571,1558446046000,1469
47,201.59231599999995,1558446047000,1629
48,201.44664000000003,1558446048000,523
49,201.48498571428573,1558446049000,1807
50,201.45589999999999,1558446050000,518
51,201.36934375000007,1558446051000,3120
52,201.36934375000007,1558446052000,7633
53,201.36934375000007,1558446053000,2199
54,201.5534,1558446054000,1768
55,201.6,1558446055000,1
56,201.69128,1558446056000,400
57,201.67499999999998,1558446057000,147
58,201.70901000000003,1558446058000,498
59,201.70154285714287,1558446059000,902
60,201.62744999999998,1558446060000,784
61,201.655,1558446061000,10
62,201.68527,1558446062000,786
63,201.74,1558446063000,1
64,201.73223913043483,1558446064000,2701
65,201.80637368421054,1558446065000,1420
66,201.71751250000003,1558446066000,368
67,201.66538333333332,1558446067000,1390
68,201.7088,1558446068000,40
69,201.612,1558446069000,1500
70,201.65033333333335,1558446070000,34
71,201.60406249999997,1558446071000,1096
72,201.49693846153846,1558446072000,1371
73,201.77732777777774,1558446073000,15074
74,201.805625,1558446074000,1405
75,201.81907777777778,1558446075000,401
76,201.76666666666665,1558446076000,109
77,201.89430666666667,1558446077000,3108
78,201.8673272727273,1558446078000,617
79,201.8665,1558446079000,1000
80,201.8750555555556,1558446080000,2494
81,201.76360909090906,1558446081000,3780
82,201.55999999999997,1558446082000,507
83,201.4435153846154,1558446083000,3578
84,201.4051846153846,1558446084000,1352
85,201.3822,1558446085000,213
86,201.4881909090909,1558446086000,1120
87,201.71440384615377,1558446087000,8509
88,201.7326777777778,1558446088000,584
89,201.72056666666663,1558446089000,339
90,201.49510882352956,1558446090000,3201
91,201.3419092592592,1558446091000,4544
92,201.35523333333333,1558446092000,307
93,201.24144230769232,1558446093000,3035
94,201.12102352941176,1558446094000,1279
95,201.23210000000003,1558446095000,315
96,201.12199999999999,1558446096000,1869
97,201.2,1558446097000,100
98,201.11169999999998,1558446098000,875
99,200.8796691588785,1558446099000,13379
100,200.735,1558446100000,415
101,200.68381666666664,1558446101000,352
102,200.85415937500008,1558446102000,1724
103,200.84995555555554,1558446103000,164
104,200.75805,1558446104000,698
105,200.67648536585355,1558446105000,8257
106,200.67139999999998,1558446106000,713
107,200.72173124999998,1558446107000,904
108,200.99499000000003,1558446108000,3468
109,201.055275,1558446109000,1165
110,201.05780000000001,1558446110000,518
111,201.19017142857143,1558446111000,379
112,201.2347,1558446112000,5
113,201.20765999999998,1558446113000,287
114,201.22434444444445,1558446114000,304
115,201.18823999999998,1558446115000,4853
116,201.25157857142855,1558446116000,1584
117,201.2325,1558446117000,1250
118,201.17091999999997,1558446118000,4950
119,201.128,1558446119000,700
120,201.03688500000004,1558446120000,1512
121,200.90686666666667,1558446121000,140
122,200.8555055555556,1558446122000,2575
123,200.75211538461537,1558446123000,1251
124,200.7311111111111,1558446124000,702
125,200.69075357142853,1558446125000,2562
126,200.69896666666668,1558446126000,2902
127,200.685,1558446127000,100
128,200.7204833333333,1558446128000,195
129,200.7629480000001,1558446129000,3383
130,200.7833333333333,1558446130000,523
131,200.66699310344822,1558446131000,1856
132,200.73435517241379,1558446132000,1593
133,200.77563999999998,1558446133000,1416
134,200.74894999999998,1558446134000,1045
135,200.757525,1558446135000,120
136,200.84738333333337,1558446136000,867
137,200.88493333333327,1558446137000,1180
138,201.02076842105265,1558446138000,1241
139,201.12670869565224,1558446139000,1024
140,201.09062857142857,1558446140000,536
141,200.979596,1558446141000,2846
142,200.97663888888889,1558446142000,815
143,200.90124999999998,1558446143000,200
144,200.91438333333335,1558446144000,179
145,200.8912,1558446145000,2080
146,200.732544117647,1558446146000,2617
147,200.79556250000002,1558446147000,388
148,200.8135125,1558446148000,1155
149,200.77833333333334,1558446149000,201
150,200.82330000000002,1558446150000,105
151,200.7538,1558446151000,112
152,200.82256,1558446152000,927
153,200.8610694444444,1558446153000,2760
154,200.89283846153842,1558446154000,1035
155,201.03770833333337,1558446155000,4327
156,201.24136000000001,1558446156000,516
157,201.29165555555556,1558446157000,1576
158,201.18598571428572,1558446158000,2202
159,201.27353333333335,1558446159000,194
160,201.2559666666667,1558446160000,511
161,201.305,1558446161000,45
162,201.32519047619047,1558446162000,1004
163,201.23090833333336,1558446163000,515
164,201.215,1558446164000,455
165,201.2421625,1558446165000,1102
166,201.2368,1558446166000,250
167,201.28446,1558446167000,148
168,201.33845625000004,1558446168000,1041
169,201.25685499999997,1558446169000,1487
170,201.1753666666666,1558446170000,3777
171,201.11398000000003,1558446171000,1190
172,201.16330000000002,1558446172000,26
173,201.1898,1558446173000,50
174,201.15,1558446174000,15
175,201.19674999999998,1558446175000,116
176,201.2172,1558446176000,2300
177,201.16916666666665,1558446177000,10
178,201.19,1558446178000,25
179,201.13245,1558446179000,55
180,201.1879,1558446180000,10
181,201.25,1558446181000,100
182,201.15913333333333,1558446182000,1602
183,201.1495384615385,1558446183000,977
184,201.07,1558446184000,75
185,201.1175,1558446185000,500
186,201.13725,1558446186000,330
187,201.1418,1558446187000,157
188,201.16955000000002,1558446188000,1201
189,201.18728,1558446189000,214
190,201.1733,1558446190000,1605
191,201.144175,1558446191000,479
192,201.19323333333332,1558446192000,230
193,201.22014000000004,1558446193000,2001
194,201.266,1558446194000,283
195,201.31106666666665,1558446195000,912
196,201.29236666666665,1558446196000,103
197,201.26277777777779,1558446197000,672
198,201.38583076923075,1558446198000,484
199,201.53329565217405,1558446199000,9798
200,201.65511999999995,1558446200000,3821
201,201.72938095238095,1558446201000,3336
202,201.72500000000002,1558446202000,147
203,201.7207,1558446203000,220
204,201.78837777777778,1558446204000,2402
205,201.81108064516133,1558446205000,7739
206,201.77475833333335,1558446206000,2877
207,201.80926000000005,1558446207000,2610
208,201.785,1558446208000,511
209,201.86230208333333,1558446209000,6456
210,201.90045185185178,1558446210000,4880
211,202.08197731092466,1558446211000,12796
212,202.1725,1558446212000,1725
213,202.05697291666672,1558446213000,3952
214,202.05975000000007,1558446214000,3349
215,202.00043333333335,1558446215000,220
216,202.0275,1558446216000,323
217,202.0654705882353,1558446217000,1171
218,202.0188,1558446218000,35
219,202.05,1558446219000,124
220,202.08433333333335,1558446220000,450
221,202.07773333333333,1558446221000,2065
222,202.03403333333335,1558446222000,620
223,202.08925714285712,1558446223000,547
224,202.06556875000004,1558446224000,1051
225,202.09363333333332,1558446225000,630
226,202.1567391304348,1558446226000,1495
227,202.14325714285715,1558446227000,638
228,202.24599879518047,1558446228000,21355
229,202.29415384615388,1558446229000,9169
230,202.3205128205128,1558446230000,2346
231,202.273925,1558446231000,354
232,202.29487499999996,1558446232000,2127
233,202.33333333333334,1558446233000,125
234,202.5063162790698,1558446234000,10569
235,202.58481228070178,1558446235000,7021
236,202.67903571428573,1558446236000,4010
237,202.6033111111111,1558446237000,2170
238,202.50329696969695,1558446238000,7066
239,202.47016666666664,1558446239000,981
240,202.42851875,1558446240000,933
241,202.3728111111111,1558446241000,2926
242,202.3442428571429,1558446242000,968
243,202.2954,1558446243000,426
244,202.24222105263158,1558446244000,1402
245,202.14333333333332,1558446245000,50
246,202.184325,1558446246000,56
247,202.18359090909095,1558446247000,585
248,202.175,1558446248000,26
249,202.11658928571438,1558446249000,2004
250,202.02293333333333,1558446250000,80
251,202.0,1558446251000,50
252,202.12836,1558446252000,3706
253,202.10090499999995,1558446253000,2785
254,202.135,1558446254000,104
255,202.10511666666665,1558446255000,1660
256,201.97854838709674,1558446256000,1650
257,201.937,1558446257000,200
258,201.81178095238099,1558446258000,5435
259,201.7457,1558446259000,1550
260,201.86711999999997,1558446260000,301
261,201.95406842105263,1558446261000,1789
262,202.00713333333331,1558446262000,1004
263,202.03994999999998,1558446263000,18
264,201.894,1558446264000,115
265,201.85130434782613,1558446265000,1128
266,201.86264,1558446266000,416
267,201.84758,1558446267000,465
268,201.82901999999999,1558446268000,63
269,201.92333333333332,1558446269000,200
270,201.7744,1558446270000,13
271,201.90935000000002,1558446271000,210
272,201.94497049180328,1558446272000,13184
273,201.78,1558446273000,100
274,201.94746250000003,1558446274000,1069
275,201.91220000000004,1558446275000,102
276,201.844575,1558446276000,1130
277,201.89444,1558446277000,323
278,201.89166,1558446278000,730
279,201.76620833333334,1558446279000,1705
280,201.85062,1558446280000,350
281,201.84876000000003,1558446281000,123
282,201.97407600000003,1558446282000,3911
283,202.0327,1558446283000,400
284,202.1084238095238,1558446284000,2084
285,202.2233333333333,1558446285000,1771
286,202.2815111111111,1558446286000,1532
287,202.28857142857143,1558446287000,862
288,202.34053529411767,1558446288000,2391
289,202.36585,1558446289000,214
290,202.41249999999997,1558446290000,1661
291,202.23997500000002,1558446291000,236
292,202.4914,1558446292000,5031
293,202.54676363636364,1558446293000,1098
294,202.59208250000006,1558446294000,2306
295,202.74125500000008,1558446295000,12093
296,202.72870000000003,1558446296000,5502
297,202.64222307692313,1558446297000,15199
298,202.53938461538462,1558446298000,3901
299,202.6818142857143,1558446299000,374
300,202.6579357142857,1558446300000,3004
301,202.65018999999998,1558446301000,1189
302,202.59579999999997,1558446302000,576
303,202.69923548387098,1558446303000,5502
304,202.6829789473684,1558446304000,1208
305,202.73190769230771,1558446305000,1576
306,202.8154657894737,1558446306000,2667
307,202.84408571428574,1558446307000,921
308,202.85372586206896,1558446308000,4396
309,202.91566458333338,1558446309000,4959
310,203.00904549356227,1558446310000,24674
311,203.05511739130435,1558446311000,1645
312,203.0772,1558446312000,731
313,202.99260408163266,1558446313000,4991
314,203.01199090909088,1558446314000,2530
315,203.06444999999997,1558446315000,997
316,203.04943888888886,1558446316000,1915
317,203.0143736842105,1558446317000,3275
318,202.97233846153833,1558446318000,2859
319,202.8560567567568,1558446319000,2720
320,202.65213333333335,1558446320000,567
321,202.70085,1558446321000,500
322,202.7072125,1558446322000,1113
323,202.66951428571429,1558446323000,951
324,202.71686666666665,1558446324000,915
325,202.75414999999998,1558446325000,729
326,202.78195555555556,1558446326000,739
327,202.89221333333333,1558446327000,1870
328,202.91634000000002,1558446328000,239
329,202.963275862069,1558446329000,3742
330,202.92587500000002,1558446330000,206
331,202.84,1558446331000,100
332,202.83749999999998,1558446332000,560
333,202.7575,1558446333000,150
334,202.75143529411764,1558446334000,942
335,202.63228043478276,1558446335000,6847
336,202.58509285714285,1558446336000,1558
337,202.57072500000004,1558446337000,1131
338,202.55556666666666,1558446338000,205
339,202.64597500000002,1558446339000,104
340,202.61846,1558446340000,235
341,202.6411888888889,1558446341000,514
342,202.66179999999997,1558446342000,18
343,202.73169,1558446343000,536
344,202.78375999999997,1558446344000,660
345,202.79,1558446345000,254
346,202.81333333333336,1558446346000,19
347,202.7555882352941,1558446347000,1335
348,202.75847499999998,1558446348000,729
349,202.81191999999996,1558446349000,340
350,202.7535,1558446350000,1160
351,202.765,1558446351000,101
352,202.74204,1558446352000,1400
353,202.75945000000002,1558446353000,353
354,202.82934000000003,1558446354000,3221
355,202.86209999999997,1558446355000,135
356,202.8322875,1558446356000,262
357,202.91086956521735,1558446357000,4692
358,202.95734693877552,1558446358000,2831
359,202.8417130434782,1558446359000,2124
360,202.7914,1558446360000,400
361,202.69112857142855,1558446361000,936
362,202.72723,1558446362000,2040
363,202.71093846153846,1558446363000,803
364,202.69972,1558446364000,253
365,202.7035125,1558446365000,909
366,202.69565000000003,1558446366000,945
367,202.73287999999997,1558446367000,225
368,202.75663333333333,1558446368000,32
369,202.73008,1558446369000,319
370,202.73993333333337,1558446370000,1034
371,202.66774500000002,1558446371000,1868
372,202.48890399999996,1558446372000,1593
373,202.4773,1558446373000,1395
374,202.41589599999986,1558446374000,4253
375,202.23748032786878,1558446375000,6184
376,202.07423764705874,1558446376000,10570
377,202.29115294117648,1558446377000,1439
378,202.36617058823526,1558446378000,1026
379,202.39960000000002,1558446379000,501
380,202.4966285714286,1558446380000,2839
381,202.55872000000002,1558446381000,631
382,202.58685,1558446382000,553
383,202.72038260869562,1558446383000,7641
384,202.7411111111111,1558446384000,372
385,202.74631666666667,1558446385000,172
386,202.8064285714286,1558446386000,1682
387,202.811808,1558446387000,1970
388,202.87596666666667,1558446388000,945
389,202.86044,1558446389000,2635
390,202.87165,1558446390000,350
391,202.71691904761906,1558446391000,2356
392,202.50674999999998,1558446392000,3717
393,202.4355090909091,1558446393000,918
394,202.52035714285716,1558446394000,1112
395,202.5432,1558446395000,1079
396,202.575,1558446396000,195
397,202.595,1558446397000,100
398,202.5848,1558446398000,98
399,202.6754,1558446399000,1
400,202.61133333333336,1558446400000,300
401,202.62842745098033,1558446401000,3890
402,202.61961666666664,1558446402000,758
403,202.6422,1558446403000,151
404,202.70826428571428,1558446404000,1031
405,202.61,1558446405000,500
406,202.8315263157895,1558446406000,1887
407,202.83832,1558446407000,1496
408,202.79836666666665,1558446408000,55
409,202.74762222222222,1558446409000,1733
410,202.73340000000002,1558446410000,655
411,202.86666666666667,1558446411000,96
412,202.87071666666665,1558446412000,1250
413,202.92412608695656,1558446413000,1972
414,202.87867499999996,1558446414000,2300
415,203.02763750000005,1558446415000,8389
416,203.08999999999997,1558446416000,898
417,203.11503125000002,1558446417000,4126
418,203.10369999999998,1558446418000,775
419,203.2509955555555,1558446419000,6823
420,203.14743538461536,1558446420000,5737
421,203.3045678571429,1558446421000,3354
422,203.33668490566035,1558446422000,4575
423,203.32451034482764,1558446423000,3522
424,203.29065999999997,1558446424000,1360
425,203.2877125,1558446425000,314
426,203.3205846153846,1558446426000,457
427,203.30613333333335,1558446427000,130
428,203.17422777777782,1558446428000,1211
429,203.14281666666668,1558446429000,562
430,203.10276000000002,1558446430000,235
431,203.195,1558446431000,8
432,203.20225000000002,1558446432000,1884
433,203.124,1558446433000,1362
434,203.14425999999997,1558446434000,1551
435,203.12882222222225,1558446435000,2428
436,202.99315068493152,1558446436000,25970
437,203.00065454545455,1558446437000,1030
438,202.97172,1558446438000,356
439,202.99748888888888,1558446439000,981
440,203.0063375,1558446440000,872
441,203.0330555555555,1558446441000,2547
442,203.0638133333333,1558446442000,1999
443,203.20651153846154,1558446443000,1875
444,203.13069,1558446444000,805
445,203.11566666666667,1558446445000,215
446,203.17,1558446446000,17
447,203.0251379310345,1558446447000,2975
448,203.03839999999997,1558446448000,558
449,202.966634375,1558446449000,4811
450,202.94727500000002,1558446450000,339
451,202.90134285714288,1558446451000,1492
452,202.93799166666668,1558446452000,817
453,202.91190666666668,1558446453000,1764
454,202.9223,1558446454000,126
455,202.88832857142862,1558446455000,331
456,202.85825,1558446456000,150
457,202.83655,1558446457000,68
458,202.96663636363635,1558446458000,2028
459,203.06523076923077,1558446459000,1366
460,202.9941,1558446460000,201
461,202.72256231884055,1558446461000,4876
462,202.5185926829268,1558446462000,5439
463,202.566575,1558446463000,496
464,202.66011666666668,1558446464000,2006
465,202.61608888888887,1558446465000,852
466,202.51578199999997,1558446466000,3267
467,202.41165,1558446467000,153
468,202.41,1558446468000,100
469,202.4522868421052,1558446469000,4426
470,202.54428571428568,1558446470000,1128
471,202.47952500000002,1558446471000,201
472,202.6161111111111,1558446472000,499
473,202.64,1558446473000,280
474,202.6263,1558446474000,1080
475,202.6024666666667,1558446475000,302
476,202.61902500000002,1558446476000,1118
477,202.5959,1558446477000,3
478,202.64531249999993,1558446478000,2352
479,202.57044545454545,1558446479000,3105
480,202.64180322580646,1558446480000,2365
481,202.63984285714284,1558446481000,264
482,202.6404714285714,1558446482000,735
483,202.61653846153845,1558446483000,826
484,202.6042611111111,1558446484000,5337
485,202.66555,1558446485000,605
486,202.73697,1558446486000,1487
487,202.67724285714283,1558446487000,381
488,202.70955,1558446488000,201
489,202.84114285714293,1558446489000,3275
490,202.8485,1558446490000,210
491,202.92,1558446491000,100
492,202.84053333333335,1558446492000,333
493,202.85799999999998,1558446493000,165
494,202.8614,1558446494000,100
495,202.77952,1558446495000,1000
496,202.81996666666666,1558446496000,653
497,202.73499999999999,1558446497000,1551
498,202.7444162162162,1558446498000,2536
499,202.741525,1558446499000,150
500,202.7392857142857,1558446500000,221
501,202.80146,1558446501000,604
502,202.8157,1558446502000,104
503,202.76,1558446503000,100
504,202.70340000000004,1558446504000,1649
505,202.625,1558446505000,25
506,202.47467894736846,1558446506000,3850
507,202.2657938271605,1558446507000,6340
508,202.18052,1558446508000,788
509,202.28804473684224,1558446509000,4855
510,202.3276222222222,1558446510000,3012
511,202.2825,1558446511000,600
512,202.3291611111111,1558446512000,925
513,202.26294000000001,1558446513000,800
514,202.234375,1558446514000,993
515,202.12961666666672,1558446515000,2775
516,202.0204837209302,1558446516000,8809
517,202.27059130434785,1558446517000,1794
518,202.33149999999998,1558446518000,624
519,202.29312857142855,1558446519000,4091
520,202.1624259259259,1558446520000,1755
521,202.13504999999998,1558446521000,2
522,202.21454107142876,1558446522000,6915
523,202.26268125,1558446523000,1095
524,202.28407499999997,1558446524000,1412
525,202.2664,1558446525000,50
526,202.22648571428573,1558446526000,317
527,202.19500000000002,1558446527000,1200
528,202.17466666666667,1558446528000,263
529,202.2226,1558446529000,103
530,202.28175333333334,1558446530000,1407
531,202.267875,1558446531000,1178
532,202.3528,1558446532000,100
533,202.24566666666664,1558446533000,638
534,202.26601111111114,1558446534000,1072
535,202.24622,1558446535000,489
536,202.3413753846154,1558446536000,5394
537,202.26793333333333,1558446537000,156
538,202.21315789473684,1558446538000,1433
539,202.21666666666667,1558446539000,300
540,202.2041176470588,1558446540000,1465
541,202.1407142857143,1558446541000,617
542,202.16977272727274,1558446542000,764
543,202.16134545454545,1558446543000,728
544,202.1417,1558446544000,2
545,202.22573333333332,1558446545000,825
546,202.20000000000002,1558446546000,51
547,202.2925,1558446547000,2541
548,202.3683166666667,1558446548000,506
549,202.37159000000003,1558446549000,583
550,202.4374333333333,1558446550000,430
551,202.32263333333333,1558446551000,1243
552,202.40339999999998,1558446552000,67
553,202.4,1558446553000,90
554,202.49533333333332,1558446554000,2197
555,202.56093333333334,1558446555000,259
556,202.57567500000002,1558446556000,1500
557,202.73605384615388,1558446557000,1150
558,202.80220909090906,1558446558000,578
559,202.60456666666667,1558446559000,1651
560,202.61103333333327,1558446560000,4146
561,202.72998888888887,1558446561000,1150
562,202.63410500000006,1558446562000,1980
563,202.5,1558446563000,964
564,202.423725,1558446564000,2105
565,202.38490000000002,1558446565000,2
566,202.36999999999998,1558446566000,426
567,202.4302888888889,1558446567000,4102
568,202.35257500000003,1558446568000,1959
569,202.352575,1558446569000,550
570,202.31840000000003,1558446570000,173
571,202.33275,1558446571000,101
572,202.2566666666667,1558446572000,598
573,202.1282608695652,1558446573000,792
574,202.21765,1558446574000,1000
575,202.21865,1558446575000,51
576,202.08171538461536,1558446576000,1778
577,202.10876,1558446577000,639
578,202.05295999999998,1558446578000,1372
579,201.97501538461535,1558446579000,4329
580,201.72826170212764,1558446580000,8054
581,201.88049666666677,1558446581000,7805
582,202.07658285714282,1558446582000,2879
583,202.11096000000003,1558446583000,395
584,202.15081428571426,1558446584000,400
585,202.1396733333334,1558446585000,2045
586,202.18073684210523,1558446586000,2357
587,202.12050000000002,1558446587000,1101
588,202.06748571428574,1558446588000,960
589,202.12595555555558,1558446589000,1178
590,201.98200000000003,1558446590000,730
591,201.84957894736843,1558446591000,1897
592,201.82489999999999,1558446592000,240
593,201.7834,1558446593000,1228
594,201.7492666666667,1558446594000,351
595,201.7191,1558446595000,481
596,201.77666666666664,1558446596000,730
597,201.78433157894742,1558446597000,1406
598,201.81385833333334,1558446598000,1043
599,201.84974583333337,1558446599000,981
600,201.87563749999998,1558446600000,1050
601,201.8221166666667,1558446601000,151
602,201.78716,1558446602000,624
603,201.64467000000002,1558446603000,4541
604,201.46045915492957,1558446604000,6794
605,201.45045,1558446605000,1568
606,201.39447894736844,1558446606000,1582
607,201.4344162162162,1558446607000,2897
608,201.5290024390245,1558446608000,3105
609,201.50434999999996,1558446609000,405
610,201.517,1558446610000,1102
611,201.4795,1558446611000,351
612,201.5126666666667,1558446612000,11991
613,201.56900000000002,1558446613000,751
614,201.59285714285713,1558446614000,713
615,201.54525,1558446615000,4
616,201.63921666666667,1558446616000,670
617,201.6825,1558446617000,25
618,201.59730000000002,1558446618000,76
619,201.646,1558446619000,400
620,201.6417,1558446620000,1891
621,201.531,1558446621000,100
622,201.63940000000002,1558446622000,502
623,201.6381,1558446623000,202
624,201.44605116279067,1558446624000,4333
625,201.41437692307693,1558446625000,1582
626,201.4212851063829,1558446626000,6120
627,201.4861166666667,1558446627000,931
628,201.42,1558446628000,100
629,201.47035,1558446629000,12585
630,201.38876666666667,1558446630000,1041
631,201.450625,1558446631000,5260
632,201.32954761904767,1558446632000,4344
633,201.24551818181817,1558446633000,1516
634,201.21189999999999,1558446634000,1110
635,201.16059,1558446635000,662
636,201.3719370370369,1558446636000,3629
637,201.35500000000002,1558446637000,200
638,201.26961666666668,1558446638000,7452
639,201.35583333333338,1558446639000,837
640,201.3872,1558446640000,36
641,201.46720588235294,1558446641000,4821
642,201.43584,1558446642000,1070
643,201.4094,1558446643000,15
644,201.445,1558446644000,32
645,201.48798333333332,1558446645000,633
646,201.56,1558446646000,10
647,201.59120476190478,1558446647000,1935
648,201.65441250000003,1558446648000,474
649,201.7349588235294,1558446649000,2370
650,201.705425,1558446650000,90
651,201.6357692307692,1558446651000,1115
652,201.667625,1558446652000,828
653,201.73895000000002,1558446653000,361
654,201.59430555555554,1558446654000,3634
655,201.50376818181815,1558446655000,1859
656,201.57090909090905,1558446656000,1366
657,201.55086666666668,1558446657000,101
658,201.57495,1558446658000,101
659,201.55928571428572,1558446659000,800
660,201.565,1558446660000,12
661,201.52503333333334,1558446661000,459
662,201.51525172413793,1558446662000,2202
663,201.42853333333332,1558446663000,600
664,201.28998749999997,1558446664000,8559
665,201.16818148148153,1558446665000,3993
666,201.30154193548387,1558446666000,6836
667,201.4578,1558446667000,50
668,201.44494999999998,1558446668000,1798
669,201.35996428571434,1558446669000,6361
670,201.2928,1558446670000,2
671,201.25745384615385,1558446671000,1131
672,201.27294285714285,1558446672000,951
673,201.4139914285714,1558446673000,4285
674,201.434,1558446674000,100
675,201.43590000000003,1558446675000,490
676,201.4237,1558446676000,67
677,201.40883749999995,1558446677000,1332
678,201.49857142857144,1558446678000,510
679,201.39036666666667,1558446679000,280
680,201.5084,1558446680000,1000
681,201.433,1558446681000,500
682,201.32638571428575,1558446682000,750
683,201.29666666666665,1558446683000,33
684,201.3000727272727,1558446684000,724
685,201.31955454545457,1558446685000,4377
686,201.35386,1558446686000,1562
687,201.3664,1558446687000,102
688,201.3666,1558446688000,10
689,201.37869999999998,1558446689000,12
690,201.30772000000002,1558446690000,228
691,201.42134166666668,1558446691000,553
692,201.55560454545454,1558446692000,2538
693,201.54,1558446693000,301
694,201.43774999999997,1558446694000,3197
695,201.40343529411766,1558446695000,869
696,201.29399999999998,1558446696000,125
697,201.2532166666667,1558446697000,1418
698,201.19125,1558446698000,1138
699,201.2633,1558446699000,301
700,201.4,1558446700000,2300
701,201.252,1558446701000,118
702,201.39651874999987,1558446702000,1772
703,201.40654,1558446703000,260
704,201.40625000000006,1558446704000,220
705,201.47557692307691,1558446705000,2041
706,201.482775,1558446706000,326
707,201.38068333333337,1558446707000,1861
708,201.36023333333333,1558446708000,2603
709,201.34562,1558446709000,639
710,201.38887499999998,1558446710000,670
711,201.42235000000002,1558446711000,208
712,201.43525,1558446712000,3
713,201.38299999999998,1558446713000,52
714,201.38546,1558446714000,197
715,201.47166666666666,1558446715000,381
716,201.4352875,1558446716000,584
717,201.4359,1558446717000,1100
718,201.35935,1558446718000,234
719,201.38151666666667,1558446719000,459
720,201.41667499999997,1558446720000,230
721,201.38469000000003,1558446721000,1527
722,201.19511538461524,1558446722000,4906
723,201.19211,1558446723000,1301
724,201.25684500000003,1558446724000,1155
725,201.1486,1558446725000,50
726,201.15492352941183,1558446726000,1346
727,201.16219583333327,1558446727000,2111
728,201.18833333333336,1558446728000,17
729,201.27697878787873,1558446729000,2124
730,201.28386923076928,1558446730000,4651
731,201.348975,1558446731000,624
732,201.243108,1558446732000,2226
733,201.33471999999995,1558446733000,2238
734,201.31328260869566,1558446734000,6800
735,201.2353,1558446735000,1916
736,201.116076,1558446736000,8854
737,201.0054685950414,1558446737000,11250
738,200.80575443037972,1558446738000,8815
739,200.68635263157893,1558446739000,2228
740,200.73471999999998,1558446740000,570
741,200.6057375,1558446741000,3235
742,200.52677419354842,1558446742000,9095
743,200.60470625,1558446743000,1023
744,200.6797709677419,1558446744000,1848
745,200.60975555555558,1558446745000,485
746,200.60359230769228,1558446746000,1910
747,200.67832222222222,1558446747000,957
748,200.78329629629627,1558446748000,1582
749,200.85985454545454,1558446749000,445
750,200.8504888888889,1558446750000,876
751,200.76764705882357,1558446751000,1037
752,200.80715909090907,1558446752000,2163
753,200.805,1558446753000,11
754,200.82560909090907,1558446754000,1060
755,200.7936666666667,1558446755000,400
756,200.85254999999998,1558446756000,4464
757,200.828175,1558446757000,2447
758,200.82569999999998,1558446758000,255
759,200.81417499999998,1558446759000,1490
760,200.8754375,1558446760000,2413
761,201.00924375,1558446761000,2356
762,201.04928571428573,1558446762000,1717
763,201.08726666666666,1558446763000,840
764,201.07242000000002,1558446764000,42
765,201.05355,1558446765000,505
766,201.08391538461535,1558446766000,1186
767,201.09774,1558446767000,426
768,201.12275,1558446768000,3897
769,201.2032,1558446769000,20
770,201.10312857142858,1558446770000,541
771,201.24305555555554,1558446771000,3827
772,201.24465,1558446772000,4370
773,201.29813333333334,1558446773000,837
774,201.1860764705882,1558446774000,2610
775,201.1207777777778,1558446775000,283
776,201.02,1558446776000,100
777,201.099075,1558446777000,268
778,201.08274999999998,1558446778000,1295
779,201.16632222222225,1558446779000,403
780,201.13903333333334,1558446780000,729
781,201.11,1558446781000,300
782,201.0675,1558446782000,2709
783,201.06040000000002,1558446783000,164
784,201.06736666666666,1558446784000,316
785,201.14376666666666,1558446785000,144
786,201.14986666666667,1558446786000,150
787,201.13522857142857,1558446787000,805
788,201.08068181818183,1558446788000,982
789,201.06365,1558446789000,525
790,201.1384,1558446790000,273
791,201.15124999999998,1558446791000,176
792,201.12,1558446792000,8
793,201.2336697674418,1558446793000,3193
794,201.38205,1558446794000,525
795,201.3481774193549,1558446795000,2337
796,201.29836666666665,1558446796000,825
797,201.3676,1558446797000,203
798,201.34852,1558446798000,51
799,201.375,1558446799000,51
800,201.29500000000002,1558446800000,120
801,201.22624399999998,1558446801000,2470
802,201.16506249999998,1558446802000,295
803,201.14249999999998,1558446803000,254
804,201.15785,1558446804000,11
805,201.26099599999998,1558446805000,1755
806,201.1624,1558446806000,139
807,201.16413333333333,1558446807000,49
808,201.31156521739135,1558446808000,5014
809,201.32609062500003,1558446809000,2456
810,201.30435714285713,1558446810000,822
811,201.32899999999998,1558446811000,334
812,201.3202,1558446812000,140
813,201.45363999999995,1558446813000,5320
814,201.3782466666667,1558446814000,7177
815,201.34526923076925,1558446815000,4756
816,201.2323240000001,1558446816000,3600
817,201.29209999999998,1558446817000,301
818,201.32,1558446818000,10
819,201.28755384615386,1558446819000,2813
820,201.24417777777776,1558446820000,857
821,201.2,1558446821000,150
822,201.28706666666668,1558446822000,504
823,201.25,1558446823000,20
824,201.26409999999998,1558446824000,250
825,201.23805,1558446825000,75
826,201.28863137254908,1558446826000,3546
827,201.27,1558446827000,10
828,201.33,1558446828000,100
829,201.36821666666665,1558446829000,787
830,201.25616818181825,1558446830000,2166
831,201.1681,1558446831000,1200
832,201.11428571428573,1558446832000,500
833,201.14666666666665,1558446833000,250
834,201.13835714285713,1558446834000,447
835,201.06628222222224,1558446835000,3273
836,201.1697054545454,1558446836000,5258
837,201.14942222222223,1558446837000,3884
838,201.21896666666666,1558446838000,519
839,201.24596666666665,1558446839000,44
840,201.2564588235294,1558446840000,965
841,201.29153333333332,1558446841000,536
842,201.3705928571429,1558446842000,1960
843,201.4312222222222,1558446843000,1562
844,201.5289463414634,1558446844000,3777
845,201.62981500000004,1558446845000,5390
846,201.61765714285715,1558446846000,855
847,201.58107499999997,1558446847000,567
848,201.60805714285715,1558446848000,405
849,201.63688888888888,1558446849000,956
850,201.69590799999997,1558446850000,1921
851,201.825,1558446851000,200
852,201.84716666666665,1558446852000,800
853,201.90915800000002,1558446853000,6659
854,202.0789055555555,1558446854000,4380
855,202.13787142857146,1558446855000,783
856,202.09107777777777,1558446856000,1579
857,202.06010434782607,1558446857000,3240
858,202.02445000000006,1558446858000,2607
859,202.065525,1558446859000,705
860,201.96799999999996,1558446860000,1432
861,201.89266666666663,1558446861000,825
862,201.8607,1558446862000,324
863,201.94383636363636,1558446863000,1579
864,201.937625,1558446864000,37
865,201.97957333333338,1558446865000,2840
866,202.08606,1558446866000,640
867,202.2332769230768,1558446867000,6235
868,202.28749999999997,1558446868000,561
869,202.25718571428573,1558446869000,607
870,202.18353333333334,1558446870000,109
871,202.16330000000013,1558446871000,3807
872,202.13953333333333,1558446872000,67
873,202.1474142857143,1558446873000,407
874,202.15986666666666,1558446874000,22
875,202.1799,1558446875000,4
876,201.98617142857142,1558446876000,1323
877,201.9325346153846,1558446877000,2099
878,201.8305782608696,1558446878000,1357
879,201.70833333333337,1558446879000,506
880,201.6432,1558446880000,20
881,201.72076666666666,1558446881000,900
882,201.68444999999997,1558446882000,256
883,201.80495000000002,1558446883000,300
884,201.71681538461536,1558446884000,2597
885,201.66061428571427,1558446885000,1393
886,201.69572,1558446886000,4162
887,201.714488,1558446887000,2310
888,201.71625,1558446888000,877
889,201.75986,1558446889000,2402
890,201.71304782608703,1558446890000,1466
891,201.73536000000001,1558446891000,185
892,201.745,1558446892000,170
893,201.58489178082183,1558446893000,5121
894,201.28905,1558446894000,1598
895,201.30454545454543,1558446895000,936
896,201.33804827586204,1558446896000,2822
897,201.38657142857141,1558446897000,550
898,201.33,1558446898000,337
899,201.33172857142858,1558446899000,487
900,201.23392857142852,1558446900000,2470
901,201.2919125000001,1558446901000,5467
902,201.31124074074074,1558446902000,2472
903,201.26504666666673,1558446903000,3252
904,201.02853333333357,1558446904000,7277
905,201.03476373626376,1558446905000,12018
906,200.9652377777777,1558446906000,7867
907,200.98877027027024,1558446907000,2734
908,200.99313953488377,1558446908000,3446
909,200.8837521739132,1558446909000,3967
910,201.01090909090908,1558446910000,873
911,201.10444444444445,1558446911000,824
912,201.03633333333332,1558446912000,322
913,201.00638780487805,1558446913000,2923
914,200.98546470588235,1558446914000,778
915,200.91199999999998,1558446915000,503
916,200.99214285714285,1558446916000,425
917,201.09001428571426,1558446917000,900
918,201.08,1558446918000,50
919,201.06875,1558446919000,245
920,201.067,1558446920000,489
921,201.1428380952381,1558446921000,4492
922,201.22833333333335,1558446922000,725
923,201.24695833333337,1558446923000,4468
924,201.2475,1558446924000,125
925,201.19545454545457,1558446925000,716
926,201.14782499999998,1558446926000,256
927,201.2525,1558446927000,400
928,201.13617142857143,1558446928000,511
929,201.2125,1558446929000,320
930,201.1618,1558446930000,110
931,201.20576250000002,1558446931000,554
932,201.23676923076926,1558446932000,1362
933,201.1162,1558446933000,3
934,201.21913333333336,1558446934000,1400
935,201.37508,1558446935000,265
936,201.50057631578943,1558446936000,2681
937,201.6158588235294,1558446937000,648
938,201.53045,1558446938000,1361
939,201.565,1558446939000,75
940,201.54565000000002,1558446940000,45
941,201.59666666666666,1558446941000,380
942,201.5182545454545,1558446942000,695
943,201.5143588235294,1558446943000,960
944,201.37779999999998,1558446944000,51
945,201.4139625,1558446945000,235
946,201.42282500000002,1558446946000,212
947,201.49151842105258,1558446947000,3814
948,201.59862307692305,1558446948000,1920
949,201.67600000000002,1558446949000,354
950,201.57,1558446950000,30
951,201.5501576923078,1558446951000,2355
952,201.52,1558446952000,500
953,201.58164000000002,1558446953000,236
954,201.64834444444446,1558446954000,1558
955,201.76353749999998,1558446955000,921
956,201.8172818181818,1558446956000,1197
957,201.94987647058826,1558446957000,1830
958,201.96728644067798,1558446958000,7749
959,201.98532142857147,1558446959000,3658
960,202.07767631578946,1558446960000,2361
961,202.0883888888889,1558446961000,701
962,202.10402499999998,1558446962000,542
963,202.09924166666667,1558446963000,1426
964,202.12849333333332,1558446964000,1965
965,202.2201458333333,1558446965000,2158
966,202.2928369565218,1558446966000,4555
967,202.34648780487805,1558446967000,5703
968,202.44101807228918,1558446968000,7419
969,202.44456250000002,1558446969000,1362
970,202.37294615384624,1558446970000,2757
971,202.22596451612907,1558446971000,2353
972,202.08652631578946,1558446972000,2653
973,202.0233875,1558446973000,2166
974,201.96697142857144,1558446974000,800
975,202.01005384615385,1558446975000,1024
976,202.06458750000002,1558446976000,346
977,202.0879666666667,1558446977000,401
978,202.00943333333336,1558446978000,22
979,202.00982499999998,1558446979000,1252
980,201.98143333333334,1558446980000,405
981,202.03719999999998,1558446981000,178
982,202.09663999999998,1558446982000,2325
983,202.10963333333333,1558446983000,624
984,202.1578888888889,1558446984000,1969
985,202.0847,1558446985000,13
986,202.27153846153848,1558446986000,1100
987,202.33,1558446987000,302
988,202.33019,1558446988000,618
989,202.34825,1558446989000,52
990,202.2977272727273,1558446990000,734
991,202.2962,1558446991000,450
992,202.25779166666666,1558446992000,1261
993,202.25015000000002,1558446993000,560
994,202.27437777777774,1558446994000,720
995,202.17331034482757,1558446995000,1322
996,202.12333333333333,1558446996000,1389
997,202.04999999999998,1558446997000,280
998,202.04241666666667,1558446998000,1075
999,202.058525,1558446999000,1552
1000,202.06543333333332,1558447000000,660
1001,202.10904,1558447001000,218
1002,202.17984285714283,1558447002000,4270
1003,202.07400833333335,1558447003000,558
1004,202.06802,1558447004000,187
1005,202.09485999999998,1558447005000,126
1006,202.0607875,1558447006000,503
1007,202.07,1558447007000,100
1008,202.03563333333332,1558447008000,425
1009,201.99,1558447009000,151
1010,202.17608000000004,1558447010000,3139
1011,202.2632,1558447011000,500
1012,202.2563,1558447012000,50
1013,202.25045,1558447013000,1051
1014,202.25405,1558447014000,1050
1015,202.2388,1558447015000,737
1016,202.34734615384616,1558447016000,2349
1017,202.52917627118646,1558447017000,6269
1018,202.60458000000006,1558447018000,1404
1019,202.620425,1558447019000,2238
1020,202.68192857142859,1558447020000,756
1021,202.70415,1558447021000,3409
1022,202.70917142857144,1558447022000,782
1023,202.65213999999997,1558447023000,1201
1024,202.65545,1558447024000,2617
1025,202.57866969696977,1558447025000,4145
1026,202.49416666666664,1558447026000,1085
1027,202.41,1558447027000,100
1028,202.43858333333333,1558447028000,647
1029,202.39955,1558447029000,29
1030,202.37191538461542,1558447030000,1262
1031,202.2208181818182,1558447031000,677
1032,202.16871111111112,1558447032000,1590
1033,202.2159,1558447033000,1
1034,202.19127500000002,1558447034000,23
1035,202.1376,1558447035000,100
1036,202.1399680851063,1558447036000,4470
1037,202.1275,1558447037000,322
1038,202.0180366666667,1558447038000,4078
1039,201.94349999999997,1558447039000,1062
1040,201.784825,1558447040000,717
1041,201.8646,1558447041000,1354
1042,201.89495,1558447042000,260
1043,201.85500000000002,1558447043000,600
1044,201.8270175675675,1558447044000,4217
1045,201.83879999999996,1558447045000,3291
1046,201.8141935483871,1558447046000,1378
1047,201.85,1558447047000,200
1048,201.99130909090908,1558447048000,2995
1049,201.99130909090908,1558447049000,1397
1050,201.99130909090908,1558447050000,382
1051,201.99130909090908,1558447051000,221
1052,201.99130909090908,1558447052000,1101
1053,201.99130909090908,1558447053000,2961
1054,201.99130909090908,1558447054000,421
1055,201.99130909090908,1558447055000,36
1056,201.99130909090908,1558447056000,266
1057,201.99130909090908,1558447057000,2102
1058,201.99130909090908,1558447058000,3277
1059,202.15381250000002,1558447059000,673
1060,202.01790000000003,1558447060000,71
1061,202.04888333333335,1558447061000,2204
1062,202.19332500000002,1558447062000,111
1063,202.217475,1558447063000,202
1064,202.1,1558447064000,50
1065,202.31545,1558447065000,35
1066,202.2850857142857,1558447066000,1040
1067,202.3303,1558447067000,410
1068,202.36175999999998,1558447068000,279
1069,202.370175,1558447069000,283
1070,202.3692,1558447070000,250
1071,202.24760000000003,1558447071000,1960
1072,202.18518333333336,1558447072000,705
1073,202.20275,1558447073000,502
1074,202.2,1558447074000,100
1075,201.99785714285716,1558447075000,1167
1076,201.96026666666668,1558447076000,53
1077,201.79998,1558447077000,1725
1078,201.6975,1558447078000,1620
1079,201.74875,1558447079000,525
1080,201.62625000000003,1558447080000,102
1081,201.74630000000002,1558447081000,225
1082,201.75750000000002,1558447082000,126
1083,201.71349999999998,1558447083000,340
1084,201.69293333333334,1558447084000,721
1085,201.78357999999997,1558447085000,556
1086,201.81519444444447,1558447086000,1363
1087,201.813125,1558447087000,2624
1088,201.92646666666664,1558447088000,205
1089,201.8498625,1558447089000,783
1090,201.9365,1558447090000,106
1091,201.74765064935065,1558447091000,5491
1092,201.65666666666667,1558447092000,152
1093,201.6641666666667,1558447093000,705
1094,201.70122222222219,1558447094000,1262
1095,201.79,1558447095000,1
1096,201.7842,1558447096000,104
1097,201.7928,1558447097000,300
1098,201.73916666666665,1558447098000,520
1099,201.70888,1558447099000,419
1100,201.60365000000002,1558447100000,61
1101,201.72,1558447101000,1
1102,201.65704999999997,1558447102000,39
1103,201.50484375000002,1558447103000,1783
1104,201.45251428571433,1558447104000,1000
1105,201.4123076923077,1558447105000,1187
1106,201.31111612903226,1558447106000,2330
1107,201.3568,1558447107000,800
1108,201.408,1558447108000,823
1109,201.47232857142856,1558447109000,666
1110,201.4766,1558447110000,15
1111,201.5333,1558447111000,1
1112,201.42523333333335,1558447112000,2320
1113,201.4953846153847,1558447113000,1018
1114,201.368,1558447114000,258
1115,201.4846,1558447115000,4
1116,201.38185,1558447116000,30
1117,201.389,1558447117000,88
1118,201.275,1558447118000,750
1119,201.2819857142857,1558447119000,911
1120,201.13349705882356,1558447120000,4056
1121,201.01362363636363,1558447121000,4829
1122,200.9159722222222,1558447122000,8724
1123,200.80683414634157,1558447123000,2343
1124,200.7564842105263,1558447124000,1426
1125,200.86710909090908,1558447125000,2302
1126,200.94907499999997,1558447126000,3873
1127,201.01343636363634,1558447127000,650
1128,201.05529411764712,1558447128000,2005
1129,200.99195,1558447129000,694
1130,200.99968333333334,1558447130000,733
1131,200.76642,1558447131000,1321
1132,200.69175,1558447132000,317
1133,200.69011538461535,1558447133000,8047
1134,200.84350476190477,1558447134000,2255
1135,200.81141666666667,1558447135000,401
1136,200.9236151515151,1558447136000,2134
1137,200.98201874999995,1558447137000,3927
1138,200.99610227272723,1558447138000,3321
1139,201.04685,1558447139000,291
1140,201.06205,1558447140000,719
1141,201.06249999999997,1558447141000,461
1142,200.984925,1558447142000,2415
1143,201.0722,1558447143000,168
1144,201.05884,1558447144000,252
1145,201.04589166666665,1558447145000,1789
1146,200.96248571428566,1558447146000,1740
1147,200.8918666666667,1558447147000,25
1148,200.88618666666667,1558447148000,1669
1149,200.79354,1558447149000,2691
1150,200.77268333333336,1558447150000,1626
1151,200.90902499999999,1558447151000,49
1152,200.84928749999997,1558447152000,836
1153,200.865,1558447153000,301
1154,200.82399999999998,1558447154000,239
1155,200.82907142857147,1558447155000,556
1156,200.76206896551733,1558447156000,1655
1157,200.81,1558447157000,100
1158,200.779925,1558447158000,323
1159,200.85113103448268,1558447159000,1150
1160,200.78378,1558447160000,4268
1161,200.75321739130436,1558447161000,2264
1162,200.712,1558447162000,639
1163,200.66676923076923,1558447163000,1160
1164,200.50453846153843,1558447164000,13358
1165,200.52570526315793,1558447165000,2302
1166,200.55692857142853,1558447166000,2523
1167,200.555,1558447167000,50
1168,200.6565666666667,1558447168000,504
1169,200.541368,1558447169000,2117
1170,200.60844444444444,1558447170000,524
1171,200.56300000000002,1558447171000,196
1172,200.58945263157898,1558447172000,1574
1173,200.56867142857143,1558447173000,177
1174,200.56808333333333,1558447174000,159
1175,200.57444000000004,1558447175000,22
1176,200.58850909090913,1558447176000,1131
1177,200.6395958333333,1558447177000,1761
1178,200.6804111111111,1558447178000,295
1179,200.65128857142847,1558447179000,2653
1180,200.73400000000004,1558447180000,454
1181,200.66059999999993,1558447181000,1282
1182,200.65775000000002,1558447182000,8
1183,200.709075,1558447183000,557
1184,200.66259090909097,1558447184000,552
1185,200.7808468085107,1558447185000,3272
1186,200.82757999999998,1558447186000,601
1187,200.85229411764706,1558447187000,1770
1188,200.921,1558447188000,15
1189,200.91666666666666,1558447189000,198
1190,200.9175,1558447190000,483
1191,200.882675,1558447191000,784
1192,200.89402,1558447192000,110
1193,200.90462,1558447193000,169
1194,200.85242000000002,1558447194000,587
1195,200.89695999999998,1558447195000,486
1196,200.845975,1558447196000,307
1197,200.84115000000003,1558447197000,31
1198,200.83,1558447198000,708
1199,200.74360454545456,1558447199000,1739
1200,200.7838,1558447200000,12
1201,200.62705,1558447201000,2675
1202,200.646725,1558447202000,87
1203,200.67725000000002,1558447203000,204
1204,200.5658823529412,1558447204000,1123
1205,200.54723333333334,1558447205000,456
1206,200.6381,1558447206000,686
1207,200.69,1558447207000,200
1208,200.578375,1558447208000,1700
1209,200.52,1558447209000,198
1210,200.68828124999993,1558447210000,2682
1211,200.638725,1558447211000,85
1212,200.6773,1558447212000,1
1213,200.68153846153848,1558447213000,679
1214,200.70025,1558447214000,367
1215,200.76,1558447215000,1
1216,200.7387,1558447216000,423
1217,200.73762,1558447217000,2643
1218,200.78981,1558447218000,965
1219,200.82841666666664,1558447219000,914
1220,200.85978,1558447220000,425
1221,200.87476666666666,1558447221000,581
1222,200.8374818181818,1558447222000,1409
1223,200.91680714285715,1558447223000,1315
1224,200.9065142857143,1558447224000,4159
1225,200.892,1558447225000,612
1226,200.93453999999997,1558447226000,325
1227,201.02924909090908,1558447227000,6953
1228,201.0999680000001,1558447228000,4146
1229,201.01474,1558447229000,1151
1230,201.13744666666665,1558447230000,2300
1231,201.1835888888889,1558447231000,996
1232,201.2816222222223,1558447232000,6673
1233,201.41330238095244,1558447233000,6060
1234,201.33576666666661,1558447234000,2003
1235,201.315,1558447235000,121
1236,201.26872121212128,1558447236000,3742
1237,201.19803714285717,1558447237000,4085
1238,201.3027,1558447238000,2
1239,201.25315,1558447239000,251
1240,201.23983,1558447240000,2665
1241,201.141175,1558447241000,535
1242,201.19897999999998,1558447242000,1136
1243,201.20865714285716,1558447243000,666
1244,201.34453999999997,1558447244000,1810
1245,201.46890909090908,1558447245000,3997
1246,201.4487888888889,1558447246000,975
1247,201.50956250000002,1558447247000,1342
1248,201.455,1558447248000,2
1249,201.51,1558447249000,36
1250,201.412,1558447250000,300
1251,201.465125,1558447251000,900
1252,201.5,1558447252000,1
1253,201.4065095238094,1558447253000,3982
1254,201.295,1558447254000,431
1255,201.31565,1558447255000,76
1256,201.21146666666667,1558447256000,208
1257,201.29292999999998,1558447257000,1170
1258,201.26649999999998,1558447258000,202
1259,201.2840666666667,1558447259000,496
1260,201.27624999999998,1558447260000,405
1261,201.29833333333332,1558447261000,672
1262,201.3192857142857,1558447262000,1292
1263,201.33,1558447263000,368
1264,201.37349999999998,1558447264000,503
1265,201.37435,1558447265000,499
1266,201.34089999999998,1558447266000,934
1267,201.35000000000002,1558447267000,101
1268,201.3868,1558447268000,3936
1269,201.49563125000003,1558447269000,924
1270,201.54566470588236,1558447270000,1685
1271,201.58749999999998,1558447271000,36
1272,201.57472,1558447272000,212
1273,201.54666666666665,1558447273000,56
1274,201.614,1558447274000,176
1275,201.58801578947373,1558447275000,1599
1276,201.4567741935483,1558447276000,1408
1277,201.3484,1558447277000,60
1278,201.28158235294117,1558447278000,708
1279,201.34426000000002,1558447279000,1474
1280,201.3196875,1558447280000,793
1281,201.29410000000001,1558447281000,763
1282,201.3464,1558447282000,1
1283,201.25666666666666,1558447283000,19
1284,201.3084,1558447284000,15
1285,201.35,1558447285000,25
1286,201.2,1558447286000,4
1287,201.31743333333335,1558447287000,2011
1288,201.31,1558447288000,201
1289,201.2136,1558447289000,2
1290,201.26715000000002,1558447290000,765
1291,201.35818181818183,1558447291000,654
1292,201.39035,1558447292000,42
1293,201.43,1558447293000,15
1294,201.39003333333335,1558447294000,7
1295,201.33901250000002,1558447295000,2308
1296,201.37816666666666,1558447296000,507
1297,201.41333333333333,1558447297000,4
1298,201.38497142857142,1558447298000,209
1299,201.37552,1558447299000,804
1300,201.2995,1558447300000,50
1301,201.2801,1558447301000,50
1302,201.4261,1558447302000,6
1303,201.33050000000003,1558447303000,105
1304,201.325,1558447304000,104
1305,201.20898333333335,1558447305000,338
1306,201.28300000000002,1558447306000,150
1307,201.265,1558447307000,2
1308,201.16,1558447308000,50
1309,201.2982,1558447309000,7
1310,201.264275,1558447310000,545
1311,201.2601,1558447311000,7
1312,201.16,1558447312000,9
1313,201.2656,1558447313000,29
1314,201.15107777777783,1558447314000,640
1315,201.10567999999998,1558447315000,166
1316,201.01,1558447316000,25
1317,201.04431250000002,1558447317000,655
1318,201.0392,1558447318000,681
1319,201.10826923076917,1558447319000,7603
1320,201.094175,1558447320000,7453
1321,201.03716296296298,1558447321000,2183
1322,200.90580588235298,1558447322000,1712
1323,200.8792142857143,1558447323000,1440
1324,200.9575,1558447324000,200
1325,200.9107,1558447325000,904
1326,200.7989565217391,1558447326000,1365
1327,200.66020952380958,1558447327000,3522
1328,200.58069999999998,1558447328000,1007
1329,200.46769357798144,1558447329000,10809
1330,200.45948800000005,1558447330000,4152
1331,200.40232173913046,1558447331000,2607
1332,200.27799696969694,1558447332000,3087
1333,200.34361296296302,1558447333000,4954
1334,200.25159999999997,1558447334000,4549
1335,200.36767605633793,1558447335000,6600
1336,200.32269230769228,1558447336000,1499
1337,200.29365714285714,1558447337000,601
1338,200.282,1558447338000,518
1339,200.3438833333333,1558447339000,1552
1340,200.46175925925925,1558447340000,3931
1341,200.4179142857143,1558447341000,2520
1342,200.51,1558447342000,2
1343,200.498,1558447343000,482
1344,200.63455,1558447344000,624
1345,200.66000000000003,1558447345000,150
1346,200.61665555555552,1558447346000,513
1347,200.5792,1558447347000,245
1348,200.63899999999998,1558447348000,345
1349,200.6492454545455,1558447349000,1111
1350,200.72625882352935,1558447350000,4302
1351,200.77375,1558447351000,3000
1352,200.49765882352938,1558447352000,7462
1353,200.45473333333334,1558447353000,31
1354,200.49833333333333,1558447354000,118
1355,200.519175,1558447355000,673
1356,200.588,1558447356000,228
1357,200.5687333333333,1558447357000,400
1358,200.57425,1558447358000,34
1359,200.57593333333332,1558447359000,303
1360,200.67397058823522,1558447360000,3050
1361,200.64076666666665,1558447361000,1086
1362,200.6246,1558447362000,102
1363,200.6689,1558447363000,450
1364,200.61575454545454,1558447364000,3360
1365,200.6504,1558447365000,450
1366,200.52935000000002,1558447366000,11567
1367,200.58469999999997,1558447367000,502
1368,200.52666666666667,1558447368000,1700
1369,200.69850000000002,1558447369000,147
1370,200.72,1558447370000,5
1371,200.7393857142857,1558447371000,323
1372,200.7084,1558447372000,140
1373,200.73316666666665,1558447373000,67
1374,200.7326,1558447374000,62
1375,200.74666666666667,1558447375000,55
1376,200.7285,1558447376000,485
1377,200.684275,1558447377000,127
1378,200.72666666666666,1558447378000,962
1379,200.7248857142857,1558447379000,659
1380,200.7689,1558447380000,596
1381,200.708,1558447381000,420
1382,200.67704999999998,1558447382000,710
1383,200.65215,1558447383000,24
1384,200.7699,1558447384000,1
1385,200.7476066666667,1558447385000,1876
1386,200.75635,1558447386000,231
1387,200.744,1558447387000,213
1388,200.75565555555556,1558447388000,853
1389,200.80856315789478,1558447389000,1121
1390,200.88814,1558447390000,840
1391,200.8536,1558447391000,43
1392,201.036176,1558447392000,1095
1393,201.10986956521737,1558447393000,1987
1394,200.99278,1558447394000,834
1395,200.94552142857145,1558447395000,1363
1396,200.986425,1558447396000,107
1397,200.9999,1558447397000,4
1398,201.00666666666666,1558447398000,239
1399,201.06,1558447399000,100
1400,200.94276,1558447400000,675
1401,200.95333333333335,1558447401000,107
1402,201.0209,1558447402000,1100
1403,200.9506125,1558447403000,915
1404,200.85923076923078,1558447404000,779
1405,200.89996666666664,1558447405000,75
1406,200.88629999999998,1558447406000,556
1407,200.86942499999998,1558447407000,823
1408,200.96256666666667,1558447408000,477
1409,201.0036,1558447409000,205
1410,200.9802,1558447410000,141
1411,200.85974736842104,1558447411000,3410
1412,200.8639,1558447412000,1004
1413,200.78091818181818,1558447413000,1271
1414,200.5922058823529,1558447414000,2426
1415,200.68803846153847,1558447415000,2828
1416,200.7210666666667,1558447416000,600
1417,200.94671000000002,1558447417000,7669
1418,200.857575,1558447418000,3304
1419,200.72289999999998,1558447419000,30
1420,200.7528,1558447420000,450
1421,200.79375714285715,1558447421000,710
1422,200.8811,1558447422000,465
1423,200.79418333333334,1558447423000,586
1424,200.87,1558447424000,200
1425,200.85,1558447425000,96
1426,200.80166666666665,1558447426000,225
1427,200.8562,1558447427000,100
1428,200.86756,1558447428000,359
1429,200.89113750000004,1558447429000,640
1430,200.98713333333333,1558447430000,2125
1431,201.11865853658531,1558447431000,2861
1432,201.17405000000002,1558447432000,11
1433,201.16199999999998,1558447433000,390
1434,201.07,1558447434000,100
1435,201.08750000000003,1558447435000,462
1436,201.1775,1558447436000,35
1437,201.13610526315796,1558447437000,1568
1438,201.215,1558447438000,128
1439,201.13605,1558447439000,27
1440,201.230625,1558447440000,1544
1441,201.31291666666664,1558447441000,327
1442,201.30158749999998,1558447442000,294
1443,201.31658571428574,1558447443000,4165
1444,201.44807547169808,1558447444000,7996
1445,201.577385,1558447445000,1576
1446,201.5286,1558447446000,212
1447,201.4884,1558447447000,7
1448,201.60110666666665,1558447448000,1294
1449,201.6393666666667,1558447449000,1497
1450,201.68006666666668,1558447450000,258
1451,201.77894400000005,1558447451000,2749
1452,201.73800833333328,1558447452000,766
1453,201.80962499999998,1558447453000,772
1454,201.79025000000001,1558447454000,2407
1455,201.7728666666667,1558447455000,454
1456,201.86504761904763,1558447456000,3252
1457,201.9147227272727,1558447457000,8361
1458,201.9848217948719,1558447458000,21738
1459,201.87365,1558447459000,1100
1460,201.82932,1558447460000,116
1461,201.7135,1558447461000,1342
1462,201.607175,1558447462000,985
1463,201.5872210526316,1558447463000,1078
1464,201.74435,1558447464000,1125
1465,201.847,1558447465000,1
1466,201.6979,1558447466000,203
1467,201.84,1558447467000,501
1468,201.6590666666667,1558447468000,57
1469,201.80849047619046,1558447469000,1192
1470,201.87760000000003,1558447470000,456
1471,201.83961538461537,1558447471000,599
1472,201.735,1558447472000,384
1473,201.67205555555557,1558447473000,350
1474,201.63675,1558447474000,713
1475,201.716,1558447475000,972
1476,201.72228333333337,1558447476000,291
1477,201.78777999999997,1558447477000,106
1478,201.7092,1558447478000,8
1479,201.79946666666666,1558447479000,1415
1480,201.80463333333333,1558447480000,149
1481,201.7698,1558447481000,216
1482,201.8399,1558447482000,10
1483,201.745,1558447483000,20
1484,201.82,1558447484000,10
1485,201.63166666666666,1558447485000,208
1486,201.63044,1558447486000,630
1487,201.73,1558447487000,5
1488,201.64207499999998,1558447488000,201
1489,201.59666666666666,1558447489000,6
1490,201.57954999999998,1558447490000,1100
1491,201.6057,1558447491000,125
1492,201.52524736842108,1558447492000,5310
1493,201.57505,1558447493000,520
1494,201.5302090909091,1558447494000,916
1495,201.56015000000002,1558447495000,302
1496,201.3632,1558447496000,2917
1497,201.2819,1558447497000,2
1498,201.41432962962958,1558447498000,2618
1499,201.53945,1558447499000,501
1500,201.41,1558447500000,200
1501,201.3833666666667,1558447501000,4
1502,201.43665,1558447502000,127
1503,201.41,1558447503000,125
1504,201.41514285714285,1558447504000,1000
1505,201.43662500000002,1558447505000,208
1506,201.5026,1558447506000,60
1507,201.41322352941177,1558447507000,1341
1508,201.49,1558447508000,96
1509,201.37132499999998,1558447509000,1304
1510,201.18735294117647,1558447510000,9411
1511,201.09,1558447511000,100
1512,201.2546,1558447512000,2
1513,201.17945,1558447513000,577
1514,201.1013,1558447514000,1
1515,201.10500000000002,1558447515000,36
1516,201.17666666666665,1558447516000,247
1517,201.2546,1558447517000,57
1518,201.14499999999998,1558447518000,111
1519,201.1706111111111,1558447519000,278
1520,201.12427499999998,1558447520000,155
1521,201.16995,1558447521000,8
1522,201.25957499999998,1558447522000,448
1523,201.18636363636367,1558447523000,900
1524,201.20333333333338,1558447524000,697
1525,201.1124,1558447525000,7
1526,201.11,1558447526000,100
1527,201.31,1558447527000,1
1528,201.25,1558447528000,100
1529,201.31611111111113,1558447529000,3062
1530,201.50052083333344,1558447530000,7735
1531,201.4443666666667,1558447531000,205
1532,201.41795,1558447532000,353
1533,201.42400000000004,1558447533000,756
1534,201.35755,1558447534000,150
1535,201.4085,1558447535000,602
1536,201.4975,1558447536000,30
1537,201.32249999999996,1558447537000,605
1538,201.41316666666668,1558447538000,318
1539,201.314,1558447539000,301
1540,201.327,1558447540000,210
1541,201.30071428571426,1558447541000,363
1542,201.33,1558447542000,74
1543,201.35744999999997,1558447543000,1056
1544,201.3281,1558447544000,15
1545,201.3281,1558447545000,8012
1546,201.5929388888889,1558447546000,3904
1547,201.55925000000002,1558447547000,102
1548,201.56005,1558447548000,4
1549,201.6722625,1558447549000,952
1550,201.62726666666666,1558447550000,63
1551,201.725,1558447551000,120
1552,201.65996,1558447552000,528
1553,201.75515000000001,1558447553000,105
1554,201.73592499999998,1558447554000,930
1555,201.76770000000002,1558447555000,715
1556,201.75985999999997,1558447556000,720
1557,201.62435000000002,1558447557000,319
1558,201.82133749999994,1558447558000,4052
1559,201.798,1558447559000,1107
1560,201.7613,1558447560000,455
1561,201.83100000000002,1558447561000,103
1562,201.86364999999998,1558447562000,852
1563,201.88928571428576,1558447563000,1320
1564,201.842975,1558447564000,65
1565,201.85989999999998,1558447565000,304
1566,201.88,1558447566000,166
1567,201.79296666666664,1558447567000,908
1568,201.775625,1558447568000,411
1569,201.77876666666666,1558447569000,1084
1570,201.780975,1558447570000,2767
1571,201.84166666666667,1558447571000,501
1572,201.73899999999998,1558447572000,422
1573,201.69941428571428,1558447573000,1432
1574,201.60597500000003,1558447574000,360
1575,201.50982,1558447575000,1430
1576,201.48905,1558447576000,2005
1577,201.5963,1558447577000,5
1578,201.50093333333334,1558447578000,554
1579,201.4003928571429,1558447579000,974
1580,201.30833333333337,1558447580000,200
1581,201.24497500000004,1558447581000,2810
1582,201.2083,1558447582000,160
1583,201.2636,1558447583000,650
1584,201.31705714285712,1558447584000,618
1585,201.2601,1558447585000,9
1586,201.31995,1558447586000,81
1587,201.38,1558447587000,35
1588,201.41333333333333,1558447588000,495
1589,201.58,1558447589000,22
1590,201.551625,1558447590000,236
1591,201.47833333333335,1558447591000,204
1592,201.3868185185185,1558447592000,2684
1593,201.34609999999998,1558447593000,1595
1594,201.4268,1558447594000,5
1595,201.3969,1558447595000,50
1596,201.49,1558447596000,2
1597,201.48,1558447597000,1
1598,201.39,1558447598000,100
1599,201.24975555555557,1558447599000,2958
1600,201.2528714285714,1558447600000,841
1601,201.22314,1558447601000,1278
1602,201.22248,1558447602000,774
1603,201.27136666666664,1558447603000,376
1604,201.3522,1558447604000,320
1605,201.2797222222222,1558447605000,1901
1606,201.22606666666664,1558447606000,101
1607,201.22114444444443,1558447607000,3210
1608,201.2376,1558447608000,80
1609,201.30280399999995,1558447609000,2188
1610,201.33409999999998,1558447610000,265
1611,201.41,1558447611000,17
1612,201.3898,1558447612000,20
1613,201.29,1558447613000,500
1614,201.38762499999999,1558447614000,841
1615,201.40494999999999,1558447615000,822
1616,201.329,1558447616000,1100
1617,201.3033333333333,1558447617000,500
1618,201.3251,1558447618000,1
1619,201.31578999999996,1558447619000,636
1620,201.35,1558447620000,33
1621,201.33292142857144,1558447621000,879
1622,201.26,1558447622000,5
1623,201.25285714285715,1558447623000,1730
1624,201.2840857142857,1558447624000,501
1625,201.35,1558447625000,100
1626,201.3818181818182,1558447626000,728
1627,201.45550000000003,1558447627000,3
1628,201.42000000000002,1558447628000,157
1629,201.33336666666665,1558447629000,167
1630,201.356,1558447630000,464
1631,201.49,1558447631000,3800
1632,201.3957,1558447632000,2
1633,201.3929,1558447633000,50
1634,201.45035000000001,1558447634000,470
1635,201.44320000000002,1558447635000,1039
1636,201.3235714285714,1558447636000,1170
1637,201.37964285714284,1558447637000,502
1638,201.28,1558447638000,9
1639,201.265,1558447639000,1101
1640,201.20996666666667,1558447640000,101
1641,201.255,1558447641000,86
1642,201.11233846153849,1558447642000,1343
1643,201.05814285714283,1558447643000,7517
1644,201.09968571428573,1558447644000,428
1645,201.06044444444444,1558447645000,1850
1646,201.19,1558447646000,203
1647,201.08544999999998,1558447647000,70
1648,201.24092857142864,1558447648000,6953
1649,201.34,1558447649000,7
1650,201.29500000000002,1558447650000,200
1651,201.295,1558447651000,20
1652,201.24,1558447652000,190
1653,201.29571428571427,1558447653000,412
1654,201.34,1558447654000,100
1655,201.26586956521737,1558447655000,1973
1656,201.4,1558447656000,1
1657,201.30237499999998,1558447657000,176
1658,201.34996666666666,1558447658000,128
1659,201.34249999999997,1558447659000,181
1660,201.41333333333333,1558447660000,1162
1661,201.5007838709677,1558447661000,2851
1662,201.62,1558447662000,10
1663,201.46875,1558447663000,90
1664,201.60666666666665,1558447664000,201
1665,201.48845,1558447665000,135
1666,201.495,1558447666000,27
1667,201.6037583333333,1558447667000,1081
1668,201.66745,1558447668000,123
1669,201.61666666666667,1558447669000,2027
1670,201.59148,1558447670000,306
1671,201.55,1558447671000,31
1672,201.75333333333333,1558447672000,200
1673,201.7676,1558447673000,2
1674,201.72096666666667,1558447674000,111
1675,201.673,1558447675000,158
1676,201.647575,1558447676000,40
1677,201.5517571428571,1558447677000,407
1678,201.51992727272727,1558447678000,1269
1679,201.55605714285713,1558447679000,526
1680,201.47250000000003,1558447680000,201
1681,201.4601,1558447681000,20
1682,201.5072,1558447682000,550
1683,201.55038333333334,1558447683000,1383
1684,201.575,1558447684000,300
1685,201.60125,1558447685000,242
1686,201.58652499999997,1558447686000,173
1687,201.526775,1558447687000,440
1688,201.53278333333333,1558447688000,421
1689,201.4801,1558447689000,114
1690,201.5398,1558447690000,21
1691,201.59706666666668,1558447691000,107
1692,201.5999,1558447692000,105
1693,201.53750000000002,1558447693000,210
1694,201.545,1558447694000,208
1695,201.65,1558447695000,20
1696,201.6481,1558447696000,40
1697,201.46833333333333,1558447697000,418
1698,201.475,1558447698000,13
1699,201.37973333333332,1558447699000,703
1700,201.46595000000002,1558447700000,6
1701,201.43,1558447701000,100
1702,201.4358,1558447702000,70
1703,201.44230833333333,1558447703000,1217
1704,201.45,1558447704000,4
1705,201.38333333333333,1558447705000,397
1706,201.35,1558447706000,90
1707,201.33624999999998,1558447707000,912
1708,201.33,1558447708000,25
1709,201.31645294117652,1558447709000,1321
1710,201.37779999999998,1558447710000,240
1711,201.46,1558447711000,5
1712,201.4056,1558447712000,45
1713,201.4281842105263,1558447713000,2160
1714,201.32456285714295,1558447714000,2663
1715,201.32486666666668,1558447715000,308
1716,201.337,1558447716000,175
1717,201.261875,1558447717000,1146
1718,201.30375,1558447718000,103
1719,201.234,1558447719000,50
1720,201.22500000000002,1558447720000,510
1721,201.15,1558447721000,100
1722,201.19856666666666,1558447722000,280
1723,201.20406666666668,1558447723000,152
1724,201.22735,1558447724000,600
1725,201.27,1558447725000,1
1726,201.16615000000002,1558447726000,882
1727,201.1772222222222,1558447727000,611
1728,201.11581904761903,1558447728000,1330
1729,200.9479023255813,1558447729000,4572
1730,200.97519999999994,1558447730000,7813
1731,200.9797,1558447731000,310
1732,201.05,1558447732000,100
1733,201.1055,1558447733000,1127
1734,201.2061904761904,1558447734000,1793
1735,201.15,1558447735000,118
1736,201.02282307692306,1558447736000,1221
1737,201.0089,1558447737000,33
1738,200.894,1558447738000,356
1739,200.9176,1558447739000,14
1740,200.8229807692307,1558447740000,4256
1741,200.58629038461535,1558447741000,4073
1742,200.56978041958052,1558447742000,13683
1743,200.70406428571434,1558447743000,8768
1744,200.61244285714287,1558447744000,704
1745,200.63188571428572,1558447745000,209
1746,200.67,1558447746000,100
1747,200.6797333333333,1558447747000,39
1748,200.86730902777796,1558447748000,17866
1749,200.99,1558447749000,2
1750,200.8893,1558447750000,500
1751,200.8771,1558447751000,1183
1752,201.0675,1558447752000,400
1753,200.995,1558447753000,300
1754,200.9028,1558447754000,300
1755,200.87514999999996,1558447755000,504
1756,200.82,1558447756000,24
1757,200.956225,1558447757000,269
1758,201.04874999999998,1558447758000,325
1759,200.9671,1558447759000,4194
1760,200.991175,1558447760000,71
1761,201.0193,1558447761000,242
1762,200.97402,1558447762000,124
1763,201.14433493975892,1558447763000,7429
1764,201.27479375000004,1558447764000,1128
1765,201.26675,1558447765000,300
1766,201.15802222222223,1558447766000,600
1767,201.14634615384614,1558447767000,1391
1768,201.02186874999998,1558447768000,1902
1769,200.9046571428572,1558447769000,2785
1770,200.9,1558447770000,10
1771,200.79629999999997,1558447771000,306
1772,200.9819724137931,1558447772000,5585
1773,201.02102499999998,1558447773000,1630
1774,200.92374285714283,1558447774000,4824
1775,200.80596315789475,1558447775000,1309
1776,200.73242142857143,1558447776000,1092
1777,200.9189722222222,1558447777000,2688
1778,201.03125,1558447778000,1181
1779,200.99666666666667,1558447779000,142
1780,201.0221153846154,1558447780000,840
1781,200.9579,1558447781000,10
1782,201.18900000000002,1558447782000,1021
1783,201.21805714285716,1558447783000,726
1784,201.19,1558447784000,96
1785,201.13689999999997,1558447785000,72
1786,201.10575,1558447786000,11
1787,201.2246,1558447787000,155
1788,201.04381818181824,1558447788000,4790
1789,200.96666666666667,1558447789000,350
1790,201.04,1558447790000,2
1791,201.07,1558447791000,48
1792,201.1015,1558447792000,49
1793,201.07175,1558447793000,122
1794,200.96736842105267,1558447794000,1012
1795,200.950075,1558447795000,35
1796,200.94968000000003,1558447796000,251
1797,200.923,1558447797000,39
1798,200.8859636363636,1558447798000,741
1799,200.9527,1558447799000,1003
1800,200.97057692307695,1558447800000,1191
1801,200.97537499999999,1558447801000,177
1802,201.17809375,1558447802000,2873
1803,201.16,1558447803000,15
1804,201.17159999999996,1558447804000,2453
1805,201.08433000000002,1558447805000,1365
1806,201.00555,1558447806000,750
1807,201.0507,1558447807000,480
1808,201.171,1558447808000,435
1809,201.215,1558447809000,200
1810,201.00192352941173,1558447810000,3200
1811,200.88189411764708,1558447811000,1392
1812,200.68563488372095,1558447812000,4271
1813,200.54565312500003,1558447813000,2983
1814,200.6378,1558447814000,926
1815,200.56051153846158,1558447815000,3921
1816,200.49155000000002,1558447816000,3130
1817,200.4246333333333,1558447817000,950
1818,200.3332142857143,1558447818000,3083
1819,200.31456666666665,1558447819000,1912
1820,200.325,1558447820000,252
1821,200.310425,1558447821000,1131
1822,200.29535909090916,1558447822000,827
1823,200.37461176470586,1558447823000,4021
1824,200.34640000000002,1558447824000,54
1825,200.38940000000002,1558447825000,95
1826,200.422912,1558447826000,2230
1827,200.42911999999998,1558447827000,429
1828,200.43065714285714,1558447828000,702
1829,200.4094,1558447829000,162
1830,200.2725,1558447830000,3993
1831,200.31375,1558447831000,760
1832,200.2844,1558447832000,1005
1833,200.26250000000002,1558447833000,1124
1834,200.315,1558447834000,100
1835,200.215,1558447835000,130
1836,200.231672,1558447836000,2078
1837,200.15840833333337,1558447837000,2602
1838,200.1468272727273,1558447838000,563
1839,200.0943669291339,1558447839000,13760
1840,200.1402782608695,1558447840000,2750
1841,200.06954285714286,1558447841000,1804
1842,200.15386250000003,1558447842000,410
1843,200.0917,1558447843000,175
1844,200.14644545454547,1558447844000,1168
1845,200.05071999999998,1558447845000,719
1846,200.0494,1558447846000,376
1847,200.25214285714284,1558447847000,425
1848,200.2082,1558447848000,2
1849,200.076925,1558447849000,2027
1850,200.1438,1558447850000,250
1851,200.05,1558447851000,200
1852,200.12316666666666,1558447852000,30
1853,200.13815714285715,1558447853000,777
1854,200.086,1558447854000,350
1855,200.13757777777778,1558447855000,349
1856,200.07983749999997,1558447856000,667
1857,200.1018,1558447857000,197
1858,200.121525,1558447858000,605
1859,200.11934285714287,1558447859000,814
1860,200.20280344827586,1558447860000,4107
1861,200.10189411764722,1558447861000,10544
1862,200.06148181818182,1558447862000,1127
1863,200.08767272727266,1558447863000,507
1864,200.055975,1558447864000,485
1865,200.06838888888888,1558447865000,638
1866,200.06992857142856,1558447866000,359
1867,200.04256956521746,1558447867000,980
1868,200.052,1558447868000,348
1869,200.04626666666664,1558447869000,1010
1870,200.14815789473684,1558447870000,1175
1871,200.137,1558447871000,1000
1872,200.23000000000002,1558447872000,314
1873,200.24032499999998,1558447873000,988
1874,200.232175,1558447874000,488
1875,200.2482,1558447875000,450
1876,200.26104999999998,1558447876000,181
1877,200.20816666666667,1558447877000,2025
1878,200.23485,1558447878000,116
1879,200.26,1558447879000,102
1880,200.22711250000003,1558447880000,1315
1881,200.21,1558447881000,176
1882,200.24338333333333,1558447882000,997
1883,200.14180000000005,1558447883000,2200
1884,200.1771375,1558447884000,12255
1885,200.1973181818182,1558447885000,627
1886,200.21953333333332,1558447886000,71
1887,200.30150000000003,1558447887000,1754
1888,200.27833333333334,1558447888000,1005
1889,200.25,1558447889000,1
1890,200.337,1558447890000,70
1891,200.42374999999998,1558447891000,11
1892,200.31003437500004,1558447892000,2418
1893,200.2451625,1558447893000,795
1894,200.15857272727268,1558447894000,2732
1895,200.07105227272734,1558447895000,4102
1896,200.11955,1558447896000,214
1897,200.14135,1558447897000,18
1898,200.11523333333332,1558447898000,213
1899,199.87427250803864,1558447899000,46783
1900,199.77354285714281,1558447900000,660
1901,199.8294111111111,1558447901000,436
1902,199.84107142857144,1558447902000,2665
1903,199.8382,1558447903000,1525
1904,199.7609166666667,1558447904000,947
1905,199.79510000000002,1558447905000,2045
1906,199.79137500000002,1558447906000,1540
1907,199.78986666666665,1558447907000,170
1908,199.8140782608696,1558447908000,1362
1909,199.8086222222222,1558447909000,795
1910,199.81203333333335,1558447910000,421
1911,199.8256233333333,1558447911000,2111
1912,199.79049999999998,1558447912000,124
1913,199.82299999999995,1558447913000,274
1914,199.8948289473684,1558447914000,4435
1915,199.85171666666665,1558447915000,131
1916,199.82896,1558447916000,595
1917,199.85875,1558447917000,418
1918,199.83222500000002,1558447918000,325
1919,199.9077,1558447919000,50
1920,199.8622625,1558447920000,1371
1921,199.72379333333328,1558447921000,3637
1922,199.5888866666667,1558447922000,1273
1923,199.5431,1558447923000,390
1924,199.5978,1558447924000,8905
1925,199.60956666666667,1558447925000,68
1926,199.609175,1558447926000,4610
1927,199.67081875000002,1558447927000,3296
1928,199.6341,1558447928000,335
1929,199.70014285714282,1558447929000,2075
1930,199.70728181818183,1558447930000,1900
1931,199.77226842105264,1558447931000,1349
1932,199.78708749999998,1558447932000,1147
1933,199.78762,1558447933000,950
1934,199.7151157894737,1558447934000,1662
1935,199.58687272727272,1558447935000,540
1936,199.58274285714282,1558447936000,223
1937,199.59320000000005,1558447937000,980
1938,199.62222000000003,1558447938000,2848
1939,199.61027551020402,1558447939000,7552
1940,199.66786666666667,1558447940000,4
1941,199.62234999999998,1558447941000,7
1942,199.71134999999992,1558447942000,953
1943,199.8770384615385,1558447943000,408
1944,199.8589,1558447944000,1000
1945,199.84120000000001,1558447945000,153
1946,199.8030625,1558447946000,800
1947,199.85346666666666,1558447947000,2015
1948,199.88160666666667,1558447948000,761
1949,199.86836666666667,1558447949000,1114
1950,199.88483870967735,1558447950000,4477
1951,199.78868461538462,1558447951000,2040
1952,199.71912500000002,1558447952000,768
1953,199.78,1558447953000,5
1954,199.63315,1558447954000,80
1955,199.7625,1558447955000,252
1956,199.6985,1558447956000,55
1957,199.73656666666668,1558447957000,325
1958,199.8133333333333,1558447958000,145
1959,199.73528499999995,1558447959000,979
1960,199.69686,1558447960000,947
1961,199.70444285714285,1558447961000,238
1962,199.7256,1558447962000,600
1963,199.60666666666668,1558447963000,221
1964,199.67813750000002,1558447964000,1239
1965,199.70875,1558447965000,235
1966,199.7363444444444,1558447966000,30649
1967,199.72798571428572,1558447967000,663
1968,199.67992222222225,1558447968000,949
1969,199.7166666666667,1558447969000,300
1970,199.78333333333333,1558447970000,111
1971,199.71779999999998,1558447971000,279
1972,199.75006666666664,1558447972000,1083
1973,199.73919999999998,1558447973000,89
1974,199.72361250000003,1558447974000,193
1975,199.6736842105263,1558447975000,1804
1976,199.7588,1558447976000,5
1977,199.7,1558447977000,535
1978,199.6496,1558447978000,604
1979,199.67499999999998,1558447979000,405
1980,199.64951,1558447980000,825
1981,199.7299,1558447981000,175
1982,199.66213333333332,1558447982000,463
1983,199.61033666666663,1558447983000,1228
1984,199.5925,1558447984000,471
1985,199.6419,1558447985000,201
1986,199.71676964285712,1558447986000,7544
1987,199.8691484848485,1558447987000,3214
1988,199.9518181818182,1558447988000,824
1989,199.89293783783776,1558447989000,9513
1990,199.86956666666666,1558447990000,330
1991,199.85698461538462,1558447991000,1217
1992,199.87172,1558447992000,297
1993,199.9355882352941,1558447993000,2450
1994,199.94683333333333,1558447994000,155
1995,199.9088833333333,1558447995000,1100
1996,199.865,1558447996000,425
1997,199.8855478260869,1558447997000,1242
1998,199.76999999999995,1558447998000,7494
1999,199.79719999999998,1558447999000,95
2000,199.831,1558448000000,246
2001,199.7467416666666,1558448001000,2325
2002,199.79275714285714,1558448002000,700
2003,199.779725,1558448003000,468
2004,199.7724,1558448004000,603
2005,199.7532,1558448005000,100
2006,199.7685,1558448006000,1546
2007,199.75496296296302,1558448007000,2341
2008,199.75538461538463,1558448008000,890
2009,199.7964583333334,1558448009000,1610
2010,199.81382777777782,1558448010000,894
2011,199.84998985507258,1558448011000,2105
2012,199.87113000000002,1558448012000,1740
2013,199.95906666666667,1558448013000,541
2014,199.90415555555558,1558448014000,512
2015,199.91145200000003,1558448015000,625
2016,199.83031,1558448016000,697
2017,199.81599999999997,1558448017000,711
2018,199.7540269230769,1558448018000,823
2019,199.68071000000003,1558448019000,450
2020,199.73,1558448020000,247
2021,199.76331052631582,1558448021000,1219
2022,199.79166666666666,1558448022000,432
2023,199.8015625,1558448023000,698
2024,199.6507692307693,1558448024000,1340
2025,199.68,1558448025000,1
2026,199.61344285714287,1558448026000,1396
2027,199.42990462962968,1558448027000,10329
2028,199.39548636363637,1558448028000,3085
2029,199.44,1558448029000,390
2030,199.43197142857144,1558448030000,668
2031,199.41906666666668,1558448031000,565
2032,199.38767894736836,1558448032000,1386
2033,199.4298272727273,1558448033000,1040
2034,199.33004444444444,1558448034000,592
2035,199.33216666666667,1558448035000,626
2036,199.39005,1558448036000,28
2037,199.43835,1558448037000,3158
2038,199.4881,1558448038000,309
2039,199.5239,1558448039000,1550
2040,199.52612499999998,1558448040000,401
2041,199.46004848484856,1558448041000,8864
2042,199.42876666666666,1558448042000,230
2043,199.447,1558448043000,271
2044,199.36,1558448044000,1
2045,199.40676000000002,1558448045000,260
2046,199.42982222222224,1558448046000,644
2047,199.4057,1558448047000,295
2048,199.4106,1558448048000,106
2049,199.48546896551719,1558448049000,2113
2050,199.55298,1558448050000,151
2051,199.531725,1558448051000,220
2052,199.56315,1558448052000,21
2053,199.5423,1558448053000,122
2054,199.62958333333336,1558448054000,955
2055,199.67765,1558448055000,148
2056,199.67110000000002,1558448056000,56
2057,199.6835,1558448057000,120
2058,199.69085,1558448058000,990
2059,199.80028750000002,1558448059000,862
2060,199.71666666666667,1558448060000,19
2061,199.77497499999998,1558448061000,230
2062,199.8,1558448062000,1
2063,199.799,1558448063000,1
2064,199.66836250000003,1558448064000,1502
2065,199.61666666666667,1558448065000,9
2066,199.60416666666666,1558448066000,121
2067,199.585,1558448067000,352
2068,199.66549999999998,1558448068000,373
2069,199.61,1558448069000,5
2070,199.7082888888889,1558448070000,836
2071,199.76636363636362,1558448071000,605
2072,199.821525,1558448072000,2950
2073,199.82770000000002,1558448073000,116
2074,199.87739230769233,1558448074000,512
2075,199.8566857142857,1558448075000,131
2076,199.8788,1558448076000,570
2077,199.8226692307692,1558448077000,3781
2078,199.7760588235294,1558448078000,2675
2079,199.75410000000002,1558448079000,320
2080,199.75405555555557,1558448080000,1652
2081,199.72526315789477,1558448081000,1719
2082,199.89991666666666,1558448082000,2066
2083,199.9414285714286,1558448083000,700
2084,200.05641700000012,1558448084000,9159
2085,200.01042999999999,1558448085000,1775
2086,199.93766666666667,1558448086000,471
2087,200.02176499999996,1558448087000,1669
2088,200.015625,1558448088000,600
2089,199.9821875,1558448089000,229
2090,199.97207142857147,1558448090000,209
2091,199.98715882352943,1558448091000,419
2092,199.97666666666666,1558448092000,250
2093,199.99033636363637,1558448093000,853
2094,199.9666,1558448094000,154
2095,199.953575,1558448095000,513
2096,199.93885,1558448096000,209
2097,200.06807692307694,1558448097000,558
2098,200.15468888888893,1558448098000,897
2099,200.19211176470586,1558448099000,1153
2100,200.19387567567566,1558448100000,3047
2101,200.21783333333335,1558448101000,1985
2102,200.1375666666667,1558448102000,510
2103,200.29976296296297,1558448103000,2011
2104,200.19861785714286,1558448104000,1467
2105,200.14813333333336,1558448105000,1035
2106,200.19965000000002,1558448106000,65
2107,200.2606000000001,1558448107000,2053
2108,200.2685181818182,1558448108000,552
2109,200.25799999999998,1558448109000,678
2110,200.20746,1558448110000,240
2111,200.19459999999998,1558448111000,108
2112,200.21485,1558448112000,2500
2113,200.2961538461538,1558448113000,1745
2114,200.358,1558448114000,229
2115,200.24861904761903,1558448115000,1537
2116,200.17,1558448116000,50
2117,200.24995,1558448117000,75
2118,200.177625,1558448118000,802
2119,200.11646153846152,1558448119000,802
2120,200.12409999999997,1558448120000,1165
2121,200.04376571428566,1558448121000,2242
2122,200.0688,1558448122000,1425
2123,200.15972307692311,1558448123000,2552
2124,200.1733,1558448124000,321
2125,200.15787499999988,1558448125000,2555
2126,199.98762105263157,1558448126000,6438
2127,199.94914285714285,1558448127000,1051
2128,200.00291999999996,1558448128000,600
2129,199.92851000000002,1558448129000,663
2130,199.9219,1558448130000,80
2131,199.84999999999997,1558448131000,960
2132,199.96015714285713,1558448132000,732
2133,199.9938,1558448133000,27
2134,199.9830727272727,1558448134000,342
2135,200.01,1558448135000,30
2136,200.06054999999998,1558448136000,716
2137,200.0522,1558448137000,206
2138,200.08652857142854,1558448138000,820
2139,200.1197,1558448139000,100
2140,200.01,1558448140000,210
2141,200.10663333333332,1558448141000,203
2142,200.116,1558448142000,10
2143,200.00799999999992,1558448143000,1519
2144,199.991525,1558448144000,979
2145,199.95504736842102,1558448145000,1061
2146,199.9112,1558448146000,212
2147,199.8899,1558448147000,57
2148,199.8825222222222,1558448148000,1359
2149,199.84793333333332,1558448149000,1001
2150,199.8669125,1558448150000,843
2151,199.81,1558448151000,31
2152,199.91,1558448152000,100
2153,199.936,1558448153000,1400
2154,199.9999,1558448154000,5
2155,199.9274,1558448155000,50
2156,199.91899999999998,1558448156000,15
2157,199.9978,1558448157000,10
2158,199.9053,1558448158000,23
2159,199.98107377049178,1558448159000,8706
2160,199.8900047619048,1558448160000,1143
2161,199.97,1558448161000,2
2162,199.96564999999998,1558448162000,600
2163,199.8719,1558448163000,50
2164,199.82782799999998,1558448164000,2974
2165,199.83874999999998,1558448165000,497
2166,199.89571428571432,1558448166000,73
2167,199.8925,1558448167000,450
2168,199.91878,1558448168000,428
2169,199.9688,1558448169000,15
2170,199.90945,1558448170000,11
2171,199.91736666666668,1558448171000,189
2172,199.85648750000001,1558448172000,500
2173,199.88975,1558448173000,170
2174,199.9597,1558448174000,5
2175,199.88807500000001,1558448175000,451
2176,199.8976,1558448176000,23
2177,199.94619230769234,1558448177000,955
2178,199.92792500000002,1558448178000,1255
2179,199.99880000000005,1558448179000,4726
2180,199.97008,1558448180000,410
2181,200.06824999999998,1558448181000,153
2182,200.1,1558448182000,150
2183,200.09806538461538,1558448183000,780
2184,200.17676249999997,1558448184000,2073
2185,200.07948571428574,1558448185000,359
2186,200.13060000000002,1558448186000,140
2187,200.2,1558448187000,2
2188,200.117125,1558448188000,230
2189,200.10501666666667,1558448189000,590
2190,200.07666666666668,1558448190000,8803
2191,200.0501833333333,1558448191000,360
2192,200.0739,1558448192000,10
2193,200.05,1558448193000,100
2194,200.0024,1558448194000,230
2195,200.0583333333333,1558448195000,267
2196,200.0988888888889,1558448196000,509
2197,200.14107,1558448197000,2031
2198,200.0476470588235,1558448198000,1143
2199,199.99800000000002,1558448199000,700
2200,200.004,1558448200000,703
2201,199.99995,1558448201000,355
2202,200.0614285714286,1558448202000,430
2203,200.04315,1558448203000,130
2204,200.105,1558448204000,20
2205,199.985,1558448205000,101
2206,199.99525,1558448206000,462
2207,200.03165,1558448207000,175
2208,200.04545000000002,1558448208000,8
2209,200.10500000000002,1558448209000,500
2210,200.19833333333335,1558448210000,292
2211,200.18122,1558448211000,213
2212,200.15453333333335,1558448212000,123
2213,200.12,1558448213000,25
2214,200.14700000000002,1558448214000,42
2215,200.27265,1558448215000,1701
2216,200.2655,1558448216000,230
2217,200.27665833333333,1558448217000,1050
2218,200.20146086956518,1558448218000,900
2219,200.1466555555556,1558448219000,509
2220,200.125,1558448220000,49
2221,200.1371,1558448221000,63
2222,200.0870666666667,1558448222000,89
2223,200.10333333333332,1558448223000,514
2224,200.1327,1558448224000,310
2225,200.1685,1558448225000,6
2226,200.1699,1558448226000,50
2227,200.14306666666667,1558448227000,32
2228,200.08001666666667,1558448228000,688
2229,200.0027,1558448229000,8
2230,200.0658,1558448230000,150
2231,200.1193,1558448231000,2
2232,200.0941,1558448232000,500
2233,200.0507,1558448233000,293
2234,200.10355,1558448234000,165
2235,200.1045333333333,1558448235000,120
2236,200.08765,1558448236000,25
2237,200.1151,1558448237000,1
2238,200.1357,1558448238000,280
2239,200.10840000000002,1558448239000,150
2240,200.05777777777774,1558448240000,900
2241,199.9993966101694,1558448241000,13016
2242,199.91758571428574,1558448242000,944
2243,199.878375,1558448243000,1090
2244,199.8085714285715,1558448244000,9569
2245,199.70704561403508,1558448245000,4559
2246,199.79459999999997,1558448246000,590
2247,199.78250000000006,1558448247000,203
2248,199.8191,1558448248000,1
2249,199.825,1558448249000,409
2250,199.84,1558448250000,100
2251,199.793575,1558448251000,262
2252,199.81,1558448252000,100
2253,199.8226,1558448253000,500
2254,199.79995,1558448254000,180
2255,199.84089333333336,1558448255000,1165
2256,199.899975,1558448256000,138
2257,199.9235857142857,1558448257000,237
2258,199.884225,1558448258000,310
2259,199.82,1558448259000,50
2260,199.9150666666667,1558448260000,225
2261,199.8597,1558448261000,100
2262,199.8512,1558448262000,513
2263,199.85629999999998,1558448263000,70
2264,199.88060000000002,1558448264000,3
2265,199.8773,1558448265000,110
2266,199.8829,1558448266000,3
2267,199.82,1558448267000,100
2268,199.88348571428574,1558448268000,554
2269,199.7602028571429,1558448269000,1652
2270,199.71799000000001,1558448270000,622
2271,199.69815,1558448271000,234
2272,199.735,1558448272000,65
2273,199.65398,1558448273000,420
2274,199.75,1558448274000,10
2275,199.73714999999999,1558448275000,74
2276,199.74633076923075,1558448276000,849
2277,199.67666666666665,1558448277000,501
2278,199.7999,1558448278000,2
2279,199.7726,1558448279000,200
2280,199.76479999999998,1558448280000,375
2281,199.7999,1558448281000,1
2282,199.80568,1558448282000,375
2283,199.83756666666667,1558448283000,119
2284,199.7876,1558448284000,20
2285,199.77005000000003,1558448285000,2001
2286,199.84165000000002,1558448286000,30
2287,199.87995,1558448287000,608
2288,199.8023037037037,1558448288000,3277
2289,199.6884,1558448289000,1
2290,199.8228,1558448290000,100
2291,199.7831,1558448291000,850
2292,199.88,1558448292000,103
2293,199.8077,1558448293000,10
2294,199.77714285714288,1558448294000,231
2295,199.74954,1558448295000,381
2296,199.74124999999998,1558448296000,610
2297,199.80199999999996,1558448297000,571
2298,199.90595714285715,1558448298000,494
2299,199.94999999999996,1558448299000,520
2300,199.99,1558448300000,1
2301,199.93815,1558448301000,25
2302,199.9447,1558448302000,300
2303,199.92,1558448303000,6
2304,200.0145777777779,1558448304000,1309
2305,200.0475,1558448305000,303
2306,200.08784,1558448306000,1088
2307,200.11,1558448307000,300
2308,200.1062,1558448308000,2
2309,200.02766666666668,1558448309000,3541
2310,199.96125,1558448310000,404
2311,199.8766,1558448311000,21
2312,199.99,1558448312000,2
2313,199.87,1558448313000,6
2314,199.9316,1558448314000,150
2315,199.95575000000002,1558448315000,130
2316,199.87,1558448316000,10
2317,199.95663333333334,1558448317000,330
2318,199.8575,1558448318000,346
2319,199.92223333333334,1558448319000,106
2320,199.8,1558448320000,20
2321,199.86563333333334,1558448321000,12
2322,199.92,1558448322000,103
2323,199.91727272727275,1558448323000,565
2324,199.91,1558448324000,35
2325,199.94,1558448325000,200
2326,199.94708571428572,1558448326000,436
2327,199.925,1558448327000,116
2328,199.9197333333333,1558448328000,1591
2329,199.97,1558448329000,100
2330,199.8413,1558448330000,175
2331,199.85,1558448331000,20
2332,199.847,1558448332000,170
2333,199.8909,1558448333000,10
2334,199.85999999999999,1558448334000,551
2335,199.83,1558448335000,10
2336,199.87,1558448336000,100
2337,199.87666666666667,1558448337000,745
2338,199.98683333333332,1558448338000,3870
2339,200.08,1558448339000,51
2340,200.01583999999997,1558448340000,335
2341,200.0326,1558448341000,20
2342,200.0718,1558448342000,25
2343,199.96,1558448343000,50
2344,200.05051250000002,1558448344000,729
2345,200.0353,1558448345000,213
2346,200.04599999999996,1558448346000,22
2347,200.04780000000002,1558448347000,123
2348,200.02,1558448348000,35
2349,200.0304761904762,1558448349000,2607
2350,200.05022727272728,1558448350000,1832
2351,200.0191111111111,1558448351000,702
2352,200.0504625,1558448352000,1766
2353,200.09499999999997,1558448353000,252
2354,200.06,1558448354000,1
2355,200.05163333333334,1558448355000,117
2356,200.0916,1558448356000,1
2357,200.1389,1558448357000,4
2358,200.1389,1558448358000,5
2359,200.0925,1558448359000,37
2360,200.13,1558448360000,100
2361,200.03,1558448361000,150
2362,200.0654,1558448362000,500
2363,200.0539090909091,1558448363000,1594
2364,200.06543333333335,1558448364000,245
2365,200.04828000000003,1558448365000,500
2366,200.1356756756756,1558448366000,1588
2367,200.1596,1558448367000,200
2368,200.1368,1558448368000,500
2369,200.129775,1558448369000,76
2370,200.19333333333336,1558448370000,378
2371,200.1812,1558448371000,531
2372,200.18665,1558448372000,115
2373,200.17433913043482,1558448373000,2200
2374,200.0906,1558448374000,31
2375,200.11042499999996,1558448375000,1750
2376,200.10523,1558448376000,1455
2377,200.13039999999998,1558448377000,800
2378,200.16,1558448378000,3
2379,200.1986,1558448379000,2
2380,200.18999999999997,1558448380000,1229
2381,200.2248923076923,1558448381000,1042
2382,200.16505,1558448382000,1041
2383,200.19421666666668,1558448383000,4263
2384,200.18032727272723,1558448384000,591
2385,200.245,1558448385000,21
2386,200.166075,1558448386000,35
2387,200.2065,1558448387000,380
2388,200.215,1558448388000,27
2389,200.18,1558448389000,8
2390,200.26,1558448390000,50
2391,200.22259999999997,1558448391000,152
2392,200.19,1558448392000,56
2393,200.17939473684214,1558448393000,1460
2394,200.2935281250001,1558448394000,2618
2395,200.3552111111111,1558448395000,554
2396,200.50638613861395,1558448396000,6863
2397,200.57935714285713,1558448397000,980
2398,200.51357272727273,1558448398000,843
2399,200.5,1558448399000,20
2400,200.46428571428572,1558448400000,188
2401,200.4699,1558448401000,500
2402,200.44023333333334,1558448402000,575
2403,200.43997499999998,1558448403000,70
2404,200.39754000000002,1558448404000,380
2405,200.29792857142857,1558448405000,1218
2406,200.3191666666667,1558448406000,152
2407,200.3535,1558448407000,29
2408,200.2975,1558448408000,50
2409,200.3688,1558448409000,1
2410,200.27903333333333,1558448410000,1200
2411,200.2819,1558448411000,639
2412,200.3256,1558448412000,2
2413,200.3325,1558448413000,101
2414,200.35290000000003,1558448414000,901
2415,200.35176666666666,1558448415000,119
2416,200.32975,1558448416000,70
2417,200.40666666666667,1558448417000,838
2418,200.36110833333336,1558448418000,718
2419,200.36759999999998,1558448419000,90
2420,200.30400000000003,1558448420000,689
2421,200.3886,1558448421000,400
2422,200.3118,1558448422000,110
2423,200.32,1558448423000,30
2424,200.3899,1558448424000,5
2425,200.39,1558448425000,100
2426,200.37474117647065,1558448426000,1815
2427,200.31,1558448427000,100
2428,200.3,1558448428000,1
2429,200.3799,1558448429000,98
2430,200.29185,1558448430000,505
2431,200.31975,1558448431000,300
2432,200.3522,1558448432000,300
2433,200.35500000000002,1558448433000,3
2434,200.2942857142857,1558448434000,362
2435,200.3215,1558448435000,15
2436,200.24264705882348,1558448436000,1694
2437,200.21363333333332,1558448437000,110
2438,200.1472,1558448438000,500
2439,200.18,1558448439000,35
2440,200.19543333333334,1558448440000,400
2441,200.17759999999998,1558448441000,14
2442,200.19725,1558448442000,110
2443,200.06332272727295,1558448443000,2812
2444,199.93232456140353,1558448444000,2981
2445,199.88733999999994,1558448445000,715
2446,199.8635,1558448446000,379
2447,199.9189,1558448447000,100
2448,199.90072500000002,1558448448000,218
2449,199.97171111111115,1558448449000,1052
2450,199.90166666666664,1558448450000,400
2451,199.9349142857143,1558448451000,432
2452,199.93489999999997,1558448452000,61
2453,199.9348,1558448453000,5
2454,199.7947368421053,1558448454000,13036
2455,199.68,1558448455000,130
2456,199.70413000000002,1558448456000,1815
2457,199.70995,1558448457000,105
2458,199.67888888888885,1558448458000,1297
2459,199.6706133333333,1558448459000,1110
2460,199.6,1558448460000,300
2461,199.6104,1558448461000,62
2462,199.600625,1558448462000,2035
2463,199.58335,1558448463000,716
2464,199.59126,1558448464000,199
2465,199.53653846153844,1558448465000,1123
2466,199.6005909090909,1558448466000,1227
2467,199.5654,1558448467000,15
2468,199.54435,1558448468000,501
2469,199.5648,1558448469000,31
2470,199.62454827586203,1558448470000,2069
2471,199.63935,1558448471000,1870
2472,199.68845,1558448472000,215
2473,199.6977,1558448473000,27
2474,199.6753,1558448474000,275
2475,199.6533,1558448475000,27
2476,199.65982,1558448476000,378
2477,199.78187619047623,1558448477000,1570
2478,199.79182500000002,1558448478000,280
2479,199.8322,1558448479000,133
2480,199.82225,1558448480000,56
2481,199.77509999999998,1558448481000,96
2482,199.82845333333336,1558448482000,560
2483,199.80163333333334,1558448483000,262
2484,199.7648,1558448484000,300
2485,199.77231428571426,1558448485000,1014
2486,199.648286440678,1558448486000,4227
2487,199.58256666666662,1558448487000,621
2488,199.55066666666664,1558448488000,1244
2489,199.63235555555553,1558448489000,4417
2490,199.6,1558448490000,200
2491,199.66564545454546,1558448491000,1037
2492,199.64795,1558448492000,105
2493,199.6743,1558448493000,25
2494,199.59,1558448494000,300
2495,199.66666666666666,1558448495000,34
2496,199.62,1558448496000,7
2497,199.68436363636366,1558448497000,656
2498,199.69623333333334,1558448498000,100
2499,199.67846666666665,1558448499000,201
2500,199.68463333333332,1558448500000,310
2501,199.61346153846156,1558448501000,2954
2502,199.49862903225804,1558448502000,6779
2503,199.44844482758617,1558448503000,12684
2504,199.42178461538458,1558448504000,522
2505,199.3997692307692,1558448505000,4461
2506,199.35046315789475,1558448506000,911
2507,199.36222,1558448507000,357
2508,199.35949677419356,1558448508000,3558
2509,199.23196000000002,1558448509000,535
2510,199.26958333333334,1558448510000,2331
2511,199.246,1558448511000,1378
2512,199.17118787878798,1558448512000,6162
2513,199.15843684210526,1558448513000,1393
2514,199.16690000000003,1558448514000,661
2515,199.16400000000004,1558448515000,301
2516,199.25285555555556,1558448516000,1101
2517,199.2391,1558448517000,100
2518,199.18853076923077,1558448518000,1400
2519,199.21118,1558448519000,246
2520,199.20864999999998,1558448520000,629
2521,199.20645,1558448521000,511
2522,199.23728888888888,1558448522000,912
2523,199.27,1558448523000,12
2524,199.28344285714283,1558448524000,1289
2525,199.32285714285715,1558448525000,667
2526,199.28096,1558448526000,1529
2527,199.29176666666663,1558448527000,1172
2528,199.32478181818178,1558448528000,1710
2529,199.30000000000004,1558448529000,310
2530,199.28,1558448530000,65
2531,199.31678333333332,1558448531000,427
2532,199.26670000000001,1558448532000,250
2533,199.37,1558448533000,100
2534,199.37,1558448534000,15
2535,199.3136,1558448535000,577
2536,199.28525000000002,1558448536000,115
2537,199.3191,1558448537000,130
2538,199.375,1558448538000,201
2539,199.2909,1558448539000,4
2540,199.33495,1558448540000,12
2541,199.33908999999997,1558448541000,619
2542,199.34410000000003,1558448542000,149
2543,199.33065000000002,1558448543000,347
2544,199.27828666666667,1558448544000,1125
2545,199.25369333333336,1558448545000,995
2546,199.25804,1558448546000,162
2547,199.2684,1558448547000,555
2548,199.28287999999998,1558448548000,1086
2549,199.25007692307693,1558448549000,1070
2550,199.29,1558448550000,4
2551,199.24,1558448551000,100
2552,199.27682857142855,1558448552000,45
2553,199.37404999999995,1558448553000,1328
2554,199.3545,1558448554000,33
2555,199.3049,1558448555000,225
2556,199.3881,1558448556000,1
2557,199.335175,1558448557000,227
2558,199.3823,1558448558000,800
2559,199.39000000000001,1558448559000,364
2560,199.3173,1558448560000,3
2561,199.37986666666666,1558448561000,405
2562,199.42,1558448562000,5
2563,199.39999999999998,1558448563000,110
2564,199.37456,1558448564000,243
2565,199.43,1558448565000,10
2566,199.42308000000003,1558448566000,854
2567,199.394,1558448567000,70
2568,199.40268888888892,1558448568000,393
2569,199.45835428571428,1558448569000,3374
2570,199.51371999999998,1558448570000,705
2571,199.53436666666667,1558448571000,237
2572,199.54715,1558448572000,150
2573,199.57033999999993,1558448573000,477
2574,199.62714285714284,1558448574000,227
2575,199.64415000000002,1558448575000,16
2576,199.657075,1558448576000,426
2577,199.662,1558448577000,50
2578,199.66842499999998,1558448578000,217
2579,199.67490000000004,1558448579000,170
2580,199.67217000000005,1558448580000,391
2581,199.66666666666666,1558448581000,134
2582,199.699,1558448582000,700
2583,199.64066666666668,1558448583000,311
2584,199.6632,1558448584000,120
2585,199.67966666666666,1558448585000,201
2586,199.615,1558448586000,7
2587,199.6408,1558448587000,2
2588,199.70792222222224,1558448588000,730
2589,199.7307857142857,1558448589000,1567
2590,199.75799999999998,1558448590000,192
2591,199.78186666666667,1558448591000,111
2592,199.7269666666667,1558448592000,345
2593,199.78415,1558448593000,7
2594,199.77,1558448594000,2
2595,199.77446666666665,1558448595000,205
2596,199.7486666666667,1558448596000,219
2597,199.72036842105263,1558448597000,1056
2598,199.7349,1558448598000,1082
2599,199.7686,1558448599000,700
2600,199.7527142857143,1558448600000,511
2601,199.7823,1558448601000,121
2602,199.71409000000003,1558448602000,429
2603,199.72799999999998,1558448603000,278
2604,199.6666,1558448604000,11
2605,199.7101,1558448605000,5
2606,199.6677047619048,1558448606000,1895
2607,199.58499999999998,1558448607000,928
2608,199.44769444444444,1558448608000,1901
2609,199.32823333333332,1558448609000,517
2610,199.4159,1558448610000,413
2611,199.35076923076923,1558448611000,1220
2612,199.30533749999998,1558448612000,852
2613,199.34220000000002,1558448613000,233
2614,199.36309999999997,1558448614000,545
2615,199.30543333333333,1558448615000,460
2616,199.4117666666667,1558448616000,203
2617,199.41,1558448617000,100
2618,199.36807142857143,1558448618000,360
2619,199.36683333333335,1558448619000,590
2620,199.365,1558448620000,301
2621,199.365,1558448621000,47
2622,199.28009999999998,1558448622000,719
2623,199.2833333333333,1558448623000,435
2624,199.29629999999997,1558448624000,1338
2625,199.20434347826077,1558448625000,1500
2626,199.15833333333333,1558448626000,304
2627,199.19150714285715,1558448627000,4661
2628,199.07756956521743,1558448628000,7026
2629,198.95654324999998,1558448629000,33627
2630,198.84425555555558,1558448630000,1330
2631,198.81519999999998,1558448631000,667
2632,198.86391111111118,1558448632000,1367
2633,198.8253,1558448633000,1110
2634,198.89441764705882,1558448634000,2268
2635,198.94752000000003,1558448635000,1047
2636,199.0183774193548,1558448636000,6644
2637,199.06477500000003,1558448637000,344
2638,199.09,1558448638000,15
2639,199.0875,1558448639000,336
2640,199.0924777777778,1558448640000,632
