,price,unix_time,volume
0,229.4755,1558014000000,13
1,229.36,1558014001000,4
2,229.638,1558014002000,50
3,229.44055555555556,1558014003000,655
4,229.4875,1558014004000,150
5,229.46985555555557,1558014005000,601
6,229.6032,1558014006000,500
7,229.52,1558014007000,100
8,229.6284,1558014008000,100
9,229.53575,1558014009000,410
10,229.61200000000002,1558014010000,104
11,229.50384285714287,1558014011000,192
12,229.68515,1558014012000,103
13,229.41704918032784,1558014013000,11112
14,229.30292352941183,1558014014000,3533
15,229.36417999999998,1558014015000,390
16,229.27996363636365,1558014016000,736
17,229.2906666666667,1558014017000,673
18,229.3,1558014018000,10
19,229.2622,1558014019000,1
20,229.28400000000002,1558014020000,211
21,229.30816666666666,1558014021000,229
22,229.26605714285714,1558014022000,583
23,229.28111111111113,1558014023000,336
24,229.1926344262295,1558014024000,6177
25,229.06653999999997,1558014025000,1673
26,229.00686046511632,1558014026000,1763
27,229.1079,1558014027000,215
28,229.143375,1558014028000,1289
29,229.12861666666666,1558014029000,505
30,229.16043333333334,1558014030000,1430
31,229.2066666666667,1558014031000,2039
32,229.2521,1558014032000,100
33,229.25158000000002,1558014033000,321
34,229.275,1558014034000,100
35,229.21346666666668,1558014035000,36
36,229.26505,1558014036000,300
37,229.26330000000002,1558014037000,136
38,229.27,1558014038000,400
39,229.216,1558014039000,6
40,229.2693,1558014040000,2
41,229.22,1558014041000,11
42,229.17,1558014042000,100
43,229.27089999999998,1558014043000,110
44,229.17999999999998,1558014044000,106
45,229.22,1558014045000,184
46,229.21,1558014046000,400
47,229.19095,1558014047000,232
48,229.275,1558014048000,17
49,229.2322333333333,1558014049000,1602
50,229.17,1558014050000,225
51,229.21398,1558014051000,208
52,229.13,1558014052000,100
53,229.23360000000002,1558014053000,232
54,229.2,1558014054000,802
55,229.185775,1558014055000,11
56,229.16075,1558014056000,107
57,229.17000000000002,1558014057000,415
58,229.175,1558014058000,258
59,229.24,1558014059000,50
60,229.235,1558014060000,78
61,229.15589999999997,1558014061000,70
62,229.22494999999998,1558014062000,12
63,229.19035,1558014063000,72
64,229.21,1558014064000,100
65,229.21,1558014065000,200
66,229.26321428571435,1558014066000,1569
67,229.3174333333333,1558014067000,1649
68,229.48833333333334,1558014068000,52
69,229.376,1558014069000,50
70,229.46782500000003,1558014070000,919
71,229.51206470588235,1558014071000,2410
72,229.6366666666667,1558014072000,1200
73,229.60375,1558014073000,326
74,229.605,1558014074000,50
75,229.6126,1558014075000,130
76,229.605,1558014076000,500
77,229.605,1558014077000,100
78,229.3069426229511,1558014078000,5688
79,229.1807954545455,1558014079000,6575
80,229.2899,1558014080000,5
81,229.2319,1558014081000,61
82,229.2628,1558014082000,50
83,229.14844,1558014083000,300
84,229.27,1558014084000,15
85,229.15,1558014085000,500
86,229.15,1558014086000,500
87,229.222175,1558014087000,102
88,229.23065441176456,1558014088000,7539
89,229.10745161290325,1558014089000,3513
90,229.07150000000001,1558014090000,50
91,229.15333333333334,1558014091000,116
92,229.0738888888889,1558014092000,571
93,229.05255,1558014093000,510
94,229.02499999999998,1558014094000,43
95,229.01,1558014095000,100
96,229.18,1558014096000,1
97,229.1432,1558014097000,8
98,229.1101,1558014098000,5
99,229.145,1558014099000,200
100,229.12660000000002,1558014100000,338
101,229.1079,1558014101000,20
102,229.13935,1558014102000,6
103,229.10747500000002,1558014103000,311
104,229.00173524590164,1558014104000,6758
105,229.0935,1558014105000,879
106,229.08805,1558014106000,11
107,229.17692307692303,1558014107000,1503
108,229.05,1558014108000,4
109,229.162,1558014109000,1000
110,229.21,1558014110000,50
111,229.04966666666672,1558014111000,2388
112,229.13183333333336,1558014112000,210
113,229.00005,1558014113000,17
114,229.0725,1558014114000,504
115,229.0,1558014115000,53
116,229.085,1558014116000,200
117,229.01564999999997,1558014117000,1200
118,229.1299,1558014118000,15
119,229.07,1558014119000,50
120,229.09377777777775,1558014120000,832
121,229.0328,1558014121000,35
122,229.0256,1558014122000,100
123,229.00136216216217,1558014123000,4150
124,228.93611785714285,1558014124000,1922
125,228.93979310344827,1558014125000,2967
126,228.89357142857145,1558014126000,866
127,228.87750000000003,1558014127000,904
128,228.84687000000002,1558014128000,3303
129,228.8968967741936,1558014129000,3877
130,228.82966842105265,1558014130000,1750
131,228.77,1558014131000,3
132,228.80020000000002,1558014132000,51
133,228.9505,1558014133000,16
134,228.91048571428573,1558014134000,561
135,228.832425,1558014135000,330
136,228.9532,1558014136000,1
137,228.83121999999997,1558014137000,5825
138,228.85133333333332,1558014138000,202
139,228.8868,1558014139000,100
140,228.95333333333335,1558014140000,102
141,228.96,1558014141000,200
142,228.96,1558014142000,2
143,228.78697499999998,1558014143000,268
144,228.83206363636364,1558014144000,999
145,228.8869,1558014145000,120
146,228.96,1558014146000,30
147,228.859,1558014147000,16
148,228.9799,1558014148000,2
149,228.824,1558014149000,1102
150,228.78545,1558014150000,3465
151,228.81468750000002,1558014151000,1388
152,228.76400000000007,1558014152000,2044
153,228.75263333333336,1558014153000,1008
154,228.83263333333335,1558014154000,25
155,228.8997,1558014155000,100
156,228.9179,1558014156000,1000
157,228.81,1558014157000,3
158,228.9806151515151,1558014158000,2912
159,228.91604545454547,1558014159000,840
160,228.89,1558014160000,1
161,228.92870000000002,1558014161000,122
162,228.96253333333334,1558014162000,620
163,228.919,1558014163000,8
164,229.02925925925925,1558014164000,2730
165,229.07499999999996,1558014165000,250
166,229.0726,1558014166000,130
167,229.134725,1558014167000,202
168,229.08346666666668,1558014168000,300
169,229.02999999999997,1558014169000,285
170,229.10750000000002,1558014170000,16
171,228.9911777777778,1558014171000,897
172,228.95,1558014172000,300
173,228.975,1558014173000,77
174,229.0426,1558014174000,200
175,229.0,1558014175000,3
176,229.0,1558014176000,22
177,229.14259166666665,1558014177000,3039
178,229.18125384615385,1558014178000,839
179,229.2704176470588,1558014179000,1361
180,229.47121999999993,1558014180000,1362
181,229.62697368421055,1558014181000,5134
182,229.505,1558014182000,451
183,229.55810000000002,1558014183000,1850
184,229.41912941176474,1558014184000,1909
185,229.2346,1558014185000,600
186,229.324,1558014186000,65
187,229.2883,1558014187000,219
188,229.28407142857142,1558014188000,373
189,229.15498571428571,1558014189000,1903
190,229.275,1558014190000,180
191,229.192,1558014191000,150
192,229.065,1558014192000,200
193,229.2778,1558014193000,100
194,229.28,1558014194000,8
195,229.35,1558014195000,2
196,229.2603,1558014196000,150
197,229.2265,1558014197000,15
198,229.3025,1558014198000,200
199,229.35,1558014199000,1
200,229.16,1558014200000,10
201,229.35,1558014201000,500
202,229.282,1558014202000,50
203,229.2584,1558014203000,32
204,229.2975,1558014204000,29
205,229.17,1558014205000,100
206,229.32825555555553,1558014206000,1091
207,229.3192,1558014207000,25
208,229.21,1558014208000,19
209,229.2962,1558014209000,75
210,229.32330000000002,1558014210000,600
211,229.3,1558014211000,10
212,229.34,1558014212000,100
213,229.3226,1558014213000,1
214,229.35,1558014214000,20
215,229.3029,1558014215000,50
216,229.38,1558014216000,1
217,229.358,1558014217000,383
218,229.41995,1558014218000,9
219,229.4265,1558014219000,700
220,229.48250000000002,1558014220000,200
221,229.53745,1558014221000,118
222,229.485,1558014222000,11
223,229.50959999999998,1558014223000,554
224,229.5071,1558014224000,15
225,229.54375,1558014225000,122
226,229.59,1558014226000,3
227,229.59,1558014227000,1
228,229.49,1558014228000,100
229,229.53500000000003,1558014229000,101
230,229.4001,1558014230000,2
231,229.4416,1558014231000,110
232,229.4545,1558014232000,10
233,229.445,1558014233000,25
234,229.4,1558014234000,1
235,229.4,1558014235000,50
236,229.4001,1558014236000,6
237,229.49,1558014237000,1
238,229.47378571428573,1558014238000,931
239,229.47,1558014239000,100
240,229.3754296296296,1558014240000,1896
241,229.4025,1558014241000,876
242,229.3781333333333,1558014242000,61
243,229.25571428571428,1558014243000,327
244,229.19,1558014244000,194
245,229.1607653846154,1558014245000,2416
246,229.1854,1558014246000,1
247,229.06,1558014247000,100
248,229.1345,1558014248000,100
249,229.18740000000003,1558014249000,960
250,229.16571428571427,1558014250000,432
251,229.16996666666668,1558014251000,301
252,229.16075,1558014252000,110
253,229.1854,1558014253000,1
254,229.19,1558014254000,1
255,229.12999999999997,1558014255000,179
256,229.1772,1558014256000,44
257,229.1616333333333,1558014257000,28
258,229.19,1558014258000,15
259,229.19536842105265,1558014259000,1297
260,229.27290000000002,1558014260000,77
261,229.2,1558014261000,6
262,229.18999999999997,1558014262000,126
263,229.18392500000002,1558014263000,586
264,229.1827,1558014264000,100
265,229.18,1558014265000,2
266,229.13,1558014266000,32
267,229.2151,1558014267000,5
268,229.14,1558014268000,100
269,229.133575,1558014269000,1035
270,229.2597421052632,1558014270000,1704
271,229.3446153846154,1558014271000,1220
272,229.3751,1558014272000,100
273,229.27,1558014273000,100
274,229.3411,1558014274000,50
275,229.35,1558014275000,190
276,229.2956,1558014276000,33
277,229.3876,1558014277000,28
278,229.2820600000001,1558014278000,992
279,229.13,1558014279000,100
280,229.172,1558014280000,30
281,229.1057,1558014281000,4
282,229.26,1558014282000,3
283,229.2475,1558014283000,77
284,229.20693333333335,1558014284000,9
285,229.0986956521739,1558014285000,1301
286,229.09357999999997,1558014286000,57
287,229.1241,1558014287000,815
288,229.0925,1558014288000,201
289,229.00523809523807,1558014289000,5007
290,229.0555,1558014290000,22
291,229.0884,1558014291000,25
292,229.1273333333333,1558014292000,1200
293,229.17379999999997,1558014293000,173
294,229.27,1558014294000,100
295,229.3322,1558014295000,1782
296,229.39464999999998,1558014296000,161
297,229.37,1558014297000,2
298,229.38,1558014298000,100
299,229.3743,1558014299000,5
300,229.47,1558014300000,100
301,229.3985000000001,1558014301000,3644
302,229.29333333333332,1558014302000,112
303,229.26,1558014303000,150
304,229.1763333333333,1558014304000,2909
305,229.15385,1558014305000,5
306,229.07,1558014306000,1
307,229.1817,1558014307000,20
308,229.12336666666667,1558014308000,33
309,229.1675,1558014309000,100
310,229.215,1558014310000,1
311,229.22,1558014311000,100
312,229.22,1558014312000,10
313,229.22,1558014313000,90
314,229.18571904761905,1558014314000,1879
315,229.102,1558014315000,500
316,229.1284,1558014316000,100
317,229.1,1558014317000,100
318,229.0879,1558014318000,10
319,229.201,1558014319000,17
320,229.19,1558014320000,105
321,229.09,1558014321000,50
322,229.09,1558014322000,50
323,229.09,1558014323000,100
324,229.1384,1558014324000,15
325,229.3,1558014325000,2
326,229.3,1558014326000,1
327,229.0301395348839,1558014327000,8222
328,228.89858461538464,1558014328000,3287
329,229.0,1558014329000,50
330,228.84,1558014330000,100
331,228.9999,1558014331000,10
332,228.9,1558014332000,75
333,228.9,1558014333000,501
334,229.00272777777778,1558014334000,1305
335,228.935,1558014335000,50
336,229.0161,1558014336000,1
337,228.924825,1558014337000,607
338,228.8446000000001,1558014338000,2161
339,228.90069999999997,1558014339000,110
340,228.84729999999996,1558014340000,2528
341,228.9424,1558014341000,1001
342,228.9359,1558014342000,305
343,228.9764,1558014343000,14
344,228.863,1558014344000,37
345,228.8951,1558014345000,100
346,228.87745,1558014346000,7
347,228.9452,1558014347000,25
348,228.8664,1558014348000,35
349,228.86149999999998,1558014349000,745
350,228.94785714285715,1558014350000,320
351,228.88,1558014351000,100
352,228.845,1558014352000,11
353,228.91206666666668,1558014353000,618
354,228.85090000000002,1558014354000,1005
355,228.84,1558014355000,329
356,228.73425820895557,1558014356000,7691
357,228.789025,1558014357000,20
358,228.7754,1558014358000,445
359,228.6473976744186,1558014359000,4292
360,228.58,1558014360000,50
361,228.72,1558014361000,100
362,228.54915,1558014362000,1467
363,228.59611818181818,1558014363000,2777
364,228.56499999999997,1558014364000,405
365,228.5388888888889,1558014365000,2318
366,228.59413333333336,1558014366000,202
367,228.56831666666665,1558014367000,550
368,228.5432,1558014368000,211
369,228.6072,1558014369000,2
370,228.52046785714285,1558014370000,1705
371,228.53367500000004,1558014371000,5504
372,228.55540000000002,1558014372000,56
373,228.51444444444445,1558014373000,509
374,228.51,1558014374000,2
375,228.5128,1558014375000,1
376,228.59,1558014376000,18
377,228.5273,1558014377000,130
378,228.56066666666666,1558014378000,301
379,228.59583333333336,1558014379000,1650
380,228.52,1558014380000,15
381,228.61079999999998,1558014381000,22
382,228.62124999999997,1558014382000,1605
383,228.59764,1558014383000,296
384,228.52,1558014384000,1
385,228.64749999999998,1558014385000,101
386,228.53422580645164,1558014386000,1933
387,228.5585,1558014387000,653
388,228.62310000000002,1558014388000,1280
389,228.54010000000008,1558014389000,2134
390,228.64469999999997,1558014390000,20
391,228.53,1558014391000,5
392,228.62785,1558014392000,654
393,228.6317,1558014393000,300
394,228.6514285714286,1558014394000,562
395,228.70848333333333,1558014395000,530
396,228.71869999999998,1558014396000,181
397,228.7794,1558014397000,60
398,228.772,1558014398000,100
399,228.80750000000003,1558014399000,602
400,228.80169999999998,1558014400000,95
401,228.772,1558014401000,1
402,228.7746,1558014402000,100
403,228.7389,1558014403000,90
404,228.75,1558014404000,9
405,228.75,1558014405000,7
406,228.75,1558014406000,1
407,228.7225,1558014407000,229
408,228.76,1558014408000,100
409,228.65,1558014409000,100
410,228.71699999999998,1558014410000,257
411,228.7516,1558014411000,71
412,228.67212857142857,1558014412000,543
413,228.64777777777783,1558014413000,573
414,228.69583333333335,1558014414000,69
415,228.72304285714287,1558014415000,159
416,228.686,1558014416000,12
417,228.73000000000002,1558014417000,101
418,228.78903333333332,1558014418000,92
419,228.78,1558014419000,25
420,228.69073333333336,1558014420000,420
421,228.61104736842103,1558014421000,4151
422,228.5615,1558014422000,170
423,228.57,1558014423000,200
424,228.5146,1558014424000,4
425,228.6175,1558014425000,210
426,228.5361,1558014426000,20
427,228.62666666666667,1558014427000,201
428,228.5273684210527,1558014428000,1328
429,228.54984,1558014429000,702
430,228.562,1558014430000,610
431,228.6185555555555,1558014431000,1101
432,228.56333333333336,1558014432000,1050
433,228.50808631578943,1558014433000,9018
434,228.5,1558014434000,600
435,228.46940000000004,1558014435000,275
436,228.5,1558014436000,45
437,228.4935714285714,1558014437000,566
438,228.42561020408155,1558014438000,3419
439,228.3923,1558014439000,244
440,228.31,1558014440000,4
441,228.35985,1558014441000,313
442,228.35470833333332,1558014442000,570
443,228.31303529411775,1558014443000,1231
444,228.28299,1558014444000,592
445,228.29219999999998,1558014445000,102
446,228.25111111111107,1558014446000,296
447,228.26,1558014447000,200
448,228.32125,1558014448000,1090
449,228.38,1558014449000,50
450,228.36,1558014450000,100
451,228.3301333333333,1558014451000,251
452,228.296,1558014452000,1
453,228.18290000000002,1558014453000,13
454,228.3354,1558014454000,1
455,228.21850000000003,1558014455000,102
456,228.23253333333332,1558014456000,320
457,228.36204210526319,1558014457000,2538
458,228.35312,1558014458000,285
459,228.446825,1558014459000,2132
460,228.259075,1558014460000,1449
461,228.18,1558014461000,5
462,228.26999999999998,1558014462000,275
463,228.25924999999998,1558014463000,119
464,228.261875,1558014464000,108
465,228.1682551020408,1558014465000,4541
466,228.08687500000002,1558014466000,909
467,228.075,1558014467000,202
468,228.09833333333333,1558014468000,326
469,228.11521428571427,1558014469000,302
470,228.0501,1558014470000,15
471,228.06000000000003,1558014471000,325
472,228.05398333333335,1558014472000,575
473,228.1217,1558014473000,3151
474,228.11014634146335,1558014474000,2799
475,228.0301,1558014475000,4
476,228.12279999999998,1558014476000,45
477,228.14578947368423,1558014477000,1610
478,228.18075,1558014478000,106
479,228.210375,1558014479000,246
480,228.1,1558014480000,1
481,228.16,1558014481000,200
482,228.2168,1558014482000,387
483,228.22200000000004,1558014483000,223
484,228.21,1558014484000,101
485,228.19,1558014485000,100
486,228.1725,1558014486000,1554
487,228.3266708333333,1558014487000,3089
488,228.4987,1558014488000,4
489,228.32526666666664,1558014489000,750
490,228.405,1558014490000,100
491,228.4149,1558014491000,50
492,228.4446,1558014492000,1
493,228.30342727272728,1558014493000,1139
494,228.4284,1558014494000,2
495,228.22,1558014495000,25
496,228.23505,1558014496000,4
497,228.31585,1558014497000,101
498,228.40106666666665,1558014498000,36
499,228.35035,1558014499000,120
500,228.3625,1558014500000,139
501,228.37,1558014501000,100
502,228.29934285714285,1558014502000,390
503,228.407975,1558014503000,81
504,228.39079999999998,1558014504000,169
505,228.4012,1558014505000,30
506,228.30583333333334,1558014506000,620
507,228.394,1558014507000,100
508,228.28,1558014508000,25
509,228.43260869565216,1558014509000,1967
510,228.35005,1558014510000,112
511,228.42499999999998,1558014511000,124
512,228.47685,1558014512000,1005
513,228.5111814814815,1558014513000,2164
514,228.56345555555558,1558014514000,888
515,228.70443333333333,1558014515000,155
516,228.6266,1558014516000,300
517,228.6725,1558014517000,125
518,228.5445769230769,1558014518000,865
519,228.61905000000002,1558014519000,19
520,228.53,1558014520000,30
521,228.53,1558014521000,100
522,228.5453,1558014522000,560
523,228.5051333333333,1558014523000,1000
524,228.5964,1558014524000,2
525,228.48138076923075,1558014525000,890
526,228.56,1558014526000,2
527,228.54933333333335,1558014527000,1898
528,228.55745000000002,1558014528000,200
529,228.53,1558014529000,100
530,228.473,1558014530000,50
531,228.44965277777771,1558014531000,2745
532,228.4081,1558014532000,54
533,228.4265909090909,1558014533000,2132
534,228.3468,1558014534000,1
535,228.4549,1558014535000,2
536,228.3425,1558014536000,107
537,228.34985,1558014537000,2
538,228.3302,1558014538000,544
539,228.33114999999998,1558014539000,108
540,228.22412388059706,1558014540000,9279
541,228.27,1558014541000,100
542,228.3084157894737,1558014542000,1442
543,228.39030937500002,1558014543000,2553
544,228.6,1558014544000,60
545,228.49,1558014545000,200
546,228.585,1558014546000,25
547,228.5285,1558014547000,10
548,228.6085714285714,1558014548000,1129
549,228.6522666666667,1558014549000,250
550,228.6378666666667,1558014550000,321
551,228.5813333333333,1558014551000,2601
552,228.61124999999998,1558014552000,102
553,228.59505000000001,1558014553000,15
554,228.598,1558014554000,400
555,228.67576000000014,1558014555000,7422
556,228.6586,1558014556000,300
557,228.6957,1558014557000,1
558,228.62413333333333,1558014558000,622
559,228.50811875,1558014559000,1075
560,228.3964,1558014560000,412
561,228.44111111111113,1558014561000,818
562,228.35399999999998,1558014562000,13
563,228.30262499999998,1558014563000,388
564,228.345,1558014564000,2
565,228.4,1558014565000,20
566,228.42093750000004,1558014566000,1713
567,228.36,1558014567000,100
568,228.27,1558014568000,100
569,228.3061,1558014569000,1
570,228.37593333333334,1558014570000,213
571,228.3525,1558014571000,101
572,228.3799,1558014572000,1
573,228.35315,1558014573000,205
574,228.28923076923078,1558014574000,763
575,228.3371666666667,1558014575000,124
576,228.28,1558014576000,100
577,228.2,1558014577000,100
578,228.2552,1558014578000,16
579,228.26399999999998,1558014579000,231
580,228.24,1558014580000,103
581,228.275,1558014581000,15
582,228.19724137931024,1558014582000,12050
583,228.2588888888889,1558014583000,790
584,228.262875,1558014584000,370
585,228.3177666666667,1558014585000,1920
586,228.28699999999995,1558014586000,3860
587,228.21720999999997,1558014587000,1032
588,228.26175,1558014588000,4
589,228.2846,1558014589000,1
590,228.13,1558014590000,100
591,228.12,1558014591000,2
592,228.10122647058833,1558014592000,4425
593,228.0579,1558014593000,400
594,228.0526,1558014594000,4
595,228.1438,1558014595000,57
596,228.07999999999998,1558014596000,500
597,228.12,1558014597000,88
598,228.11290000000002,1558014598000,404
599,228.15,1558014599000,100
600,228.16692307692307,1558014600000,800
601,228.12,1558014601000,90
602,228.0675,1558014602000,363
603,227.99942406639013,1558014603000,18890
604,227.99052631578945,1558014604000,2846
605,228.11813999999998,1558014605000,154
606,228.06225,1558014606000,245
607,228.0283333333333,1558014607000,720
608,227.94939999999994,1558014608000,1381
609,227.94683333333333,1558014609000,1015
610,227.86541666666668,1558014610000,853
611,227.81,1558014611000,1
612,227.9033,1558014612000,100
613,227.9,1558014613000,2
614,227.90106666666668,1558014614000,349
615,227.90176666666665,1558014615000,283
616,227.8511,1558014616000,210
617,227.87329999999997,1558014617000,201
618,227.9002625,1558014618000,348
619,227.82411764705878,1558014619000,2246
620,227.88,1558014620000,1
621,227.86039999999997,1558014621000,252
622,227.8276142857143,1558014622000,485
623,227.89961538461543,1558014623000,1312
624,227.89353999999997,1558014624000,810
625,227.888825,1558014625000,198
626,227.87,1558014626000,100
627,227.93,1558014627000,1
628,227.898,1558014628000,500
629,227.85500000000002,1558014629000,300
630,227.891725,1558014630000,1661
631,227.89,1558014631000,30
632,227.89915,1558014632000,844
633,227.93,1558014633000,2
634,227.8796666666667,1558014634000,391
635,227.79866571428596,1558014635000,3440
636,227.7739,1558014636000,450
637,227.7793416666667,1558014637000,487
638,227.82639,1558014638000,785
639,227.80016666666666,1558014639000,265
640,227.79137500000002,1558014640000,2171
641,227.74816666666672,1558014641000,302
642,227.80986,1558014642000,311
643,227.79416666666668,1558014643000,610
644,227.85,1558014644000,8
645,227.80964999999998,1558014645000,101
646,227.7,1558014646000,100
647,227.73614999999998,1558014647000,99
648,227.75,1558014648000,10
649,227.69808461538454,1558014649000,3008
650,227.6712,1558014650000,722
651,227.63049583333324,1558014651000,4730
652,227.56145,1558014652000,187
653,227.60699999999997,1558014653000,135
654,227.64714285714285,1558014654000,1230
655,227.72678750000006,1558014655000,894
656,227.74815,1558014656000,178
657,227.8048,1558014657000,50
658,227.82556666666665,1558014658000,61
659,227.8204,1558014659000,26
660,227.77202499999999,1558014660000,151
661,227.79665,1558014661000,524
662,227.79999999999998,1558014662000,120
663,227.86,1558014663000,2
664,227.7893,1558014664000,80
665,227.76153333333335,1558014665000,201
666,227.7592,1558014666000,25
667,227.8455615384616,1558014667000,2384
668,227.81558181818184,1558014668000,1298
669,227.82580000000002,1558014669000,318
670,227.70638571428572,1558014670000,1974
671,227.65367142857144,1558014671000,506
672,227.691325,1558014672000,39
673,227.81250000000003,1558014673000,143
674,227.77,1558014674000,1
675,227.68625,1558014675000,53
676,227.73000000000002,1558014676000,191
677,227.7391,1558014677000,200
678,227.83,1558014678000,1
679,227.83,1558014679000,1
680,227.7455,1558014680000,182
681,227.71276875,1558014681000,1259
682,227.8054666666667,1558014682000,14
683,227.81,1558014683000,100
684,227.78743333333333,1558014684000,208
685,227.635,1558014685000,100
686,227.81306538461538,1558014686000,3066
687,227.862,1558014687000,306
688,227.829,1558014688000,75
689,227.85373333333334,1558014689000,223
690,227.81913333333333,1558014690000,490
691,227.88375,1558014691000,123
692,227.829,1558014692000,100
693,227.8437,1558014693000,25
694,227.8395,1558014694000,100
695,227.96408965517244,1558014695000,1808
696,227.89174347826088,1558014696000,841
697,227.845,1558014697000,100
698,227.9299,1558014698000,25
699,227.84,1558014699000,100
700,227.75,1558014700000,1
701,227.89045000000002,1558014701000,2977
702,227.995,1558014702000,390
703,228.00508333333335,1558014703000,2367
704,228.09,1558014704000,5
705,228.1403684210526,1558014705000,6301
706,228.2697,1558014706000,1151
707,228.1741,1558014707000,1586
708,228.07368214285717,1558014708000,2218
709,228.07036666666667,1558014709000,32
710,228.1599666666667,1558014710000,73
711,228.17,1558014711000,5
712,228.043275,1558014712000,243
713,228.17,1558014713000,31
714,228.085,1558014714000,100
715,228.14908749999998,1558014715000,740
716,228.15503103448276,1558014716000,1278
717,228.20495,1558014717000,101
718,228.1833333333333,1558014718000,134
719,228.1543,1558014719000,1000
720,228.064,1558014720000,3000
721,228.107,1558014721000,35
722,228.15626666666665,1558014722000,118
723,228.01583714285715,1558014723000,842
724,228.1059,1558014724000,200
725,228.08496666666667,1558014725000,101
726,228.05733333333333,1558014726000,152
727,228.10553333333328,1558014727000,185
728,228.10666666666665,1558014728000,90
729,227.99089999999993,1558014729000,916
730,228.05413333333334,1558014730000,137
731,227.96443333333335,1558014731000,953
732,227.94495,1558014732000,200
733,227.8252631578948,1558014733000,1146
734,227.78060833333333,1558014734000,711
735,227.76985000000002,1558014735000,2
736,227.75166666666667,1558014736000,148
737,227.79333333333332,1558014737000,650
738,227.7846322580645,1558014738000,2021
739,227.8515384615384,1558014739000,910
740,227.8625,1558014740000,50
741,227.85189999999997,1558014741000,1130
742,227.94255,1558014742000,223
743,227.8791,1558014743000,201
744,227.9307,1558014744000,1070
745,227.99333333333334,1558014745000,239
746,227.9085,1558014746000,100
747,227.82,1558014747000,10
748,227.8201,1558014748000,9
749,227.9084,1558014749000,143
750,227.8201,1558014750000,6
751,227.91666666666666,1558014751000,202
752,227.90456250000003,1558014752000,1635
753,227.91453333333334,1558014753000,140
754,227.9269,1558014754000,17
755,227.93705,1558014755000,110
756,227.96,1558014756000,60
757,227.98624999999998,1558014757000,1913
758,228.09,1558014758000,53
759,228.0465,1558014759000,30
760,227.99622499999998,1558014760000,278
761,227.99,1558014761000,100
762,227.9416,1558014762000,2028
763,228.08324999999996,1558014763000,4394
764,228.1638,1558014764000,50
765,228.0824,1558014765000,100
766,228.26214000000007,1558014766000,1111
767,228.33945,1558014767000,22
768,228.2604,1558014768000,2159
769,228.2906,1558014769000,100
770,228.2647,1558014770000,15
771,228.1340631578948,1558014771000,1846
772,228.19546666666668,1558014772000,252
773,228.055,1558014773000,10
774,228.05,1558014774000,100
775,228.02972222222226,1558014775000,4003
776,228.11950000000002,1558014776000,125
777,228.18,1558014777000,4
778,228.14055000000002,1558014778000,104
779,228.11280000000002,1558014779000,223
780,228.18,1558014780000,2
781,228.0786333333333,1558014781000,1015
782,227.965,1558014782000,100
783,228.0154,1558014783000,308
784,228.0468,1558014784000,1
785,227.9900363636363,1558014785000,1157
786,227.9196333333333,1558014786000,617
787,227.9516611111111,1558014787000,1738
788,228.00117647058832,1558014788000,2100
789,228.06,1558014789000,41
790,227.91,1558014790000,210
791,227.9683,1558014791000,205
792,228.00833333333335,1558014792000,106
793,228.05,1558014793000,25
794,227.96,1558014794000,100
795,228.01,1558014795000,10
796,227.95915000000002,1558014796000,1013
797,227.9269,1558014797000,100
798,227.97500000000002,1558014798000,340
799,227.9294,1558014799000,150
800,227.955,1558014800000,100
801,227.9966,1558014801000,15
802,227.93,1558014802000,200
803,227.95850000000002,1558014803000,512
804,227.8611363636364,1558014804000,1169
805,227.8501,1558014805000,7
806,228.0,1558014806000,7
807,227.9254,1558014807000,15
808,227.88205,1558014808000,300
809,227.925,1558014809000,100
810,227.98731111111113,1558014810000,550
811,227.925,1558014811000,501
812,227.95183333333333,1558014812000,174
813,227.89499999999998,1558014813000,200
814,227.91125,1558014814000,400
815,227.99857241379317,1558014815000,4278
816,228.04715,1558014816000,78
817,227.95666666666668,1558014817000,234
818,227.85893448275863,1558014818000,2133
819,227.85285,1558014819000,150
820,227.8311666666667,1558014820000,531
821,227.8815,1558014821000,200
822,227.88547499999999,1558014822000,218
823,227.87463333333335,1558014823000,105
824,227.81925000000007,1558014824000,1500
825,227.8754,1558014825000,8
826,227.75340909090912,1558014826000,547
827,227.82,1558014827000,51
828,227.69770857142842,1558014828000,5454
829,227.67242500000003,1558014829000,906
830,227.68542000000002,1558014830000,588
831,227.6905,1558014831000,111
832,227.65875,1558014832000,431
833,227.62585555555552,1558014833000,621
834,227.58,1558014834000,2
835,227.71849999999995,1558014835000,2205
836,227.755,1558014836000,497
837,227.79204,1558014837000,260
838,227.74266666666665,1558014838000,60
839,227.6539,1558014839000,9
840,227.7528,1558014840000,15
841,227.80180000000001,1558014841000,130
842,227.733025,1558014842000,328
843,227.7288,1558014843000,6
844,227.775,1558014844000,43
845,227.76561600000005,1558014845000,1414
846,227.72592,1558014846000,255
847,227.70565,1558014847000,87
848,227.76716000000002,1558014848000,350
849,227.80130909090911,1558014849000,912
850,227.8896,1558014850000,354
851,227.81446153846156,1558014851000,1124
852,227.8306,1558014852000,95
853,227.8269,1558014853000,262
854,227.81105000000002,1558014854000,22
855,227.8875,1558014855000,640
856,227.8722363636364,1558014856000,250
857,227.8774,1558014857000,90
858,227.88341000000005,1558014858000,575
859,227.83885,1558014859000,160
860,227.91,1558014860000,10
861,227.8,1558014861000,100
862,227.79375000000002,1558014862000,500
863,227.76833333333332,1558014863000,430
864,227.76957499999997,1558014864000,182
865,227.86329999999998,1558014865000,111
866,227.78933333333336,1558014866000,280
867,227.7994,1558014867000,602
868,227.8534,1558014868000,501
869,227.85334999999998,1558014869000,54
870,227.79025000000001,1558014870000,115
871,227.697927027027,1558014871000,5092
872,227.7615333333334,1558014872000,1577
873,227.81,1558014873000,1
874,227.678072,1558014874000,1836
875,227.7132,1558014875000,1000
876,227.62403999999998,1558014876000,265
877,227.6752,1558014877000,30
878,227.71,1558014878000,25
879,227.62836000000001,1558014879000,10866
880,227.64249999999998,1558014880000,164
881,227.67331666666666,1558014881000,287
882,227.61,1558014882000,4
883,227.62666666666667,1558014883000,201
884,227.64667500000002,1558014884000,365
885,227.6489,1558014885000,190
886,227.6620916666667,1558014886000,2098
887,227.6402,1558014887000,500
888,227.6843,1558014888000,350
889,227.6766,1558014889000,262
890,227.5700479166667,1558014890000,2878
891,227.620825,1558014891000,256
892,227.5966,1558014892000,76
893,227.56232857142854,1558014893000,210
894,227.5982,1558014894000,310
895,227.49625140186936,1558014895000,11347
896,227.47999999999996,1558014896000,654
897,227.51227857142862,1558014897000,1002
898,227.5266,1558014898000,28
899,227.5235,1558014899000,75
900,227.5882565217391,1558014900000,2353
901,227.5855,1558014901000,255
902,227.53666666666666,1558014902000,145
903,227.4974666666667,1558014903000,800
904,227.4209523809524,1558014904000,776
905,227.3372,1558014905000,650
906,227.46359999999999,1558014906000,515
907,227.43995999999999,1558014907000,90
908,227.43236666666667,1558014908000,120
909,227.42093333333332,1558014909000,31
910,227.3756923076923,1558014910000,963
911,227.46454999999997,1558014911000,9
912,227.43136666666666,1558014912000,111
913,227.41113750000002,1558014913000,741
914,227.42025,1558014914000,201
915,227.437,1558014915000,100
916,227.4999,1558014916000,1
917,227.42,1558014917000,25
918,227.4483,1558014918000,421
919,227.43916666666667,1558014919000,280
920,227.40853333333334,1558014920000,37
921,227.4198,1558014921000,78
922,227.45,1558014922000,120
923,227.4716591836734,1558014923000,2615
924,227.40089999999998,1558014924000,102
925,227.45,1558014925000,1
926,227.5,1558014926000,5
927,227.46166666666667,1558014927000,250
928,227.41353333333336,1558014928000,1505
929,227.53,1558014929000,7
930,227.4134,1558014930000,39
931,227.51005,1558014931000,101
932,227.44,1558014932000,23
933,227.47548,1558014933000,113
934,227.43430000000004,1558014934000,296
935,227.4095,1558014935000,6
936,227.36976842105264,1558014936000,1561
937,227.4288888888889,1558014937000,1100
938,227.40972499999998,1558014938000,355
939,227.4,1558014939000,50
940,227.45960000000002,1558014940000,612
941,227.30825479452054,1558014941000,5456
942,227.255,1558014942000,931
943,227.21467272727267,1558014943000,2936
944,227.37498461538465,1558014944000,589
945,227.37095,1558014945000,80
946,227.4599,1558014946000,50
947,227.392,1558014947000,200
948,227.425,1558014948000,200
949,227.48334142857146,1558014949000,4813
950,227.5,1558014950000,10
951,227.47333333333336,1558014951000,579
952,227.43166756756747,1558014952000,3701
953,227.50292222222222,1558014953000,526
954,227.5258,1558014954000,159
955,227.4635166666667,1558014955000,407
956,227.4802,1558014956000,50
957,227.53086666666664,1558014957000,1004
958,227.405,1558014958000,100
959,227.5538833333333,1558014959000,877
960,227.4361,1558014960000,1
961,227.50573333333332,1558014961000,372
962,227.45,1558014962000,100
963,227.53033333333335,1558014963000,253
964,227.43145957446816,1558014964000,2613
965,227.41304444444444,1558014965000,1337
966,227.4212666666667,1558014966000,210
967,227.31750652173923,1558014967000,3512
968,227.31647499999997,1558014968000,356
969,227.53060000000002,1558014969000,55
970,227.32,1558014970000,100
971,227.4593,1558014971000,9
972,227.4235,1558014972000,2
973,227.3222727272727,1558014973000,920
974,227.2678,1558014974000,100
975,227.34,1558014975000,100
976,227.3105,1558014976000,75
977,227.279325,1558014977000,206
978,227.29998333333333,1558014978000,114
979,227.34029999999998,1558014979000,70
980,227.3478,1558014980000,10
981,227.32453333333333,1558014981000,206
982,227.36239999999998,1558014982000,1371
983,227.40245,1558014983000,295
984,227.34,1558014984000,135
985,227.41716666666665,1558014985000,135
986,227.41,1558014986000,4
987,227.2526039999999,1558014987000,1757
988,227.24875,1558014988000,206
989,227.12,1558014989000,207
990,227.2132,1558014990000,6
991,227.2342,1558014991000,108
992,227.1656,1558014992000,1000
993,227.3,1558014993000,5
994,227.22198333333333,1558014994000,501
995,227.2421,1558014995000,50
996,227.26909999999998,1558014996000,142
997,227.24185,1558014997000,100
998,227.27966666666666,1558014998000,390
999,227.24,1558014999000,212
1000,227.22376,1558015000000,302
1001,227.29636666666667,1558015001000,29
1002,227.23153333333335,1558015002000,113
1003,227.15,1558015003000,32
1004,227.20916000000003,1558015004000,859
1005,227.23168333333334,1558015005000,470
1006,227.2589,1558015006000,75
1007,227.21445000000003,1558015007000,325
1008,227.2,1558015008000,50
1009,227.1771666666667,1558015009000,104
1010,227.2077,1558015010000,200
1011,227.19465,1558015011000,100
1012,227.2,1558015012000,5
1013,227.22500000000002,1558015013000,85
1014,227.21996666666666,1558015014000,64
1015,227.3,1558015015000,1
1016,227.15221111111111,1558015016000,2626
1017,227.26195,1558015017000,60
1018,227.19,1558015018000,100
1019,227.20714285714283,1558015019000,211
1020,227.18,1558015020000,200
1021,227.195,1558015021000,25
1022,227.1927272727272,1558015022000,610
1023,227.21527500000002,1558015023000,28
1024,227.23043846153843,1558015024000,516
1025,227.3387913043478,1558015025000,2027
1026,227.42015999999998,1558015026000,306
1027,227.52,1558015027000,1
1028,227.45666666666668,1558015028000,550
1029,227.449,1558015029000,2
1030,227.4968,1558015030000,3
1031,227.47,1558015031000,8
1032,227.52,1558015032000,10
1033,227.4565,1558015033000,105
1034,227.3732,1558015034000,108
1035,227.47333333333333,1558015035000,213
1036,227.4621,1558015036000,255
1037,227.51,1558015037000,100
1038,227.536,1558015038000,5
1039,227.513,1558015039000,13
1040,227.50281999999999,1558015040000,50
1041,227.56,1558015041000,1
1042,227.45666666666668,1558015042000,114
1043,227.56,1558015043000,2
1044,227.502,1558015044000,404
1045,227.535,1558015045000,50
1046,227.56649999999996,1558015046000,1056
1047,227.55385,1558015047000,10
1048,227.50661875000006,1558015048000,755
1049,227.38777777777779,1558015049000,4982
1050,227.29905000000002,1558015050000,317
1051,227.32496666666668,1558015051000,62
1052,227.3805,1558015052000,1000
1053,227.325,1558015053000,100
1054,227.3529166666667,1558015054000,434
1055,227.33,1558015055000,100
1056,227.33,1558015056000,4909
1057,227.35225000000003,1558015057000,78
1058,227.31586666666666,1558015058000,12
1059,227.28415,1558015059000,22
1060,227.26,1558015060000,100
1061,227.33,1558015061000,50
1062,227.26769230769227,1558015062000,1048
1063,227.27240999999998,1558015063000,478
1064,227.254,1558015064000,500
1065,227.20083333333332,1558015065000,521
1066,227.24941176470585,1558015066000,1235
1067,227.2164,1558015067000,51
1068,227.24,1558015068000,100
1069,227.26666666666665,1558015069000,149
1070,227.22320769230765,1558015070000,1781
1071,227.3186363636364,1558015071000,1477
1072,227.3216666666667,1558015072000,180
1073,227.40771176470588,1558015073000,1476
1074,227.39045,1558015074000,125
1075,227.4,1558015075000,100
1076,227.38775,1558015076000,587
1077,227.415,1558015077000,111
1078,227.3774,1558015078000,199
1079,227.4466666666667,1558015079000,92
1080,227.38666666666666,1558015080000,260
1081,227.42454285714288,1558015081000,311
1082,227.471275,1558015082000,117
1083,227.42622222222224,1558015083000,403
1084,227.40755000000001,1558015084000,275
1085,227.44670000000002,1558015085000,1200
1086,227.42486666666665,1558015086000,72
1087,227.48513333333335,1558015087000,111
1088,227.49612777777782,1558015088000,2896
1089,227.52357142857144,1558015089000,335
1090,227.64195,1558015090000,304
1091,227.5748,1558015091000,15
1092,227.59335000000002,1558015092000,780
1093,227.61419999999998,1558015093000,2018
1094,227.62,1558015094000,1
1095,227.65042000000008,1558015095000,1703
1096,227.69875,1558015096000,52
1097,227.75,1558015097000,1
1098,227.71,1558015098000,400
1099,227.73044444444446,1558015099000,1703
1100,227.71904285714285,1558015100000,2800
1101,227.72776666666667,1558015101000,55
1102,227.7394,1558015102000,1335
1103,227.745,1558015103000,1198
1104,227.75254193548392,1558015104000,1645
1105,227.6731791666666,1558015105000,1769
1106,227.62505,1558015106000,1905
1107,227.64864999999998,1558015107000,104
1108,227.69373846153843,1558015108000,2705
1109,227.805125,1558015109000,156
1110,227.79500000000002,1558015110000,55
1111,227.81325,1558015111000,1095
1112,227.8268,1558015112000,1
1113,227.81007499999998,1558015113000,203
1114,227.76000000000002,1558015114000,1887
1115,227.74936206896555,1558015115000,4513
1116,227.690175,1558015116000,80
1117,227.66144,1558015117000,157
1118,227.5959090909091,1558015118000,757
1119,227.61025,1558015119000,100
1120,227.56,1558015120000,10
1121,227.60333333333332,1558015121000,7
1122,227.49794615384613,1558015122000,2245
1123,227.52,1558015123000,5
1124,227.49404285714294,1558015124000,1758
1125,227.57999999999998,1558015125000,97
1126,227.6192307692307,1558015126000,1240
1127,227.6807692307692,1558015127000,1400
1128,227.6692888888889,1558015128000,472
1129,227.73333333333332,1558015129000,1300
1130,227.702525,1558015130000,106
1131,227.70382499999997,1558015131000,55
1132,227.6552333333333,1558015132000,30
1133,227.714,1558015133000,105
1134,227.68970000000002,1558015134000,69
1135,227.68157272727274,1558015135000,477
1136,227.72,1558015136000,30
1137,227.71999999999997,1558015137000,224
1138,227.71428,1558015138000,135
1139,227.7083125,1558015139000,1036
1140,227.74,1558015140000,6
1141,227.70999999999998,1558015141000,1009
1142,227.70364285714285,1558015142000,418
1143,227.68700000000004,1558015143000,266
1144,227.645,1558015144000,600
1145,227.6812666666667,1558015145000,102
1146,227.7399,1558015146000,15
1147,227.735,1558015147000,6
1148,227.735,1558015148000,16
1149,227.70965,1558015149000,170
1150,227.64000000000001,1558015150000,328
1151,227.7161,1558015151000,1
1152,227.69,1558015152000,200
1153,227.72,1558015153000,1
1154,227.6714,1558015154000,90
1155,227.665,1558015155000,100
1156,227.665,1558015156000,100
1157,227.66886,1558015157000,348
1158,227.665,1558015158000,41
1159,227.72,1558015159000,1
1160,227.6754,1558015160000,20
1161,227.6842,1558015161000,100
1162,227.7,1558015162000,102
1163,227.695,1558015163000,228
1164,227.69,1558015164000,100
1165,227.61333333333337,1558015165000,285
1166,227.69502631578933,1558015166000,5690
1167,227.60912432432445,1558015167000,3304
1168,227.55913333333334,1558015168000,23
1169,227.50994074074077,1558015169000,2447
1170,227.555,1558015170000,10
1171,227.45,1558015171000,77
1172,227.56924999999995,1558015172000,2222
1173,227.65,1558015173000,1
1174,227.668765116279,1558015174000,4217
1175,227.6299928571428,1558015175000,910
1176,227.69860000000006,1558015176000,2023
1177,227.68938000000003,1558015177000,11
1178,227.68955999999997,1558015178000,140
1179,227.775,1558015179000,50
1180,227.65373333333332,1558015180000,8
1181,227.736225,1558015181000,225
1182,227.70175,1558015182000,1204
1183,227.75212000000002,1558015183000,113
1184,227.77333333333334,1558015184000,113
1185,227.73000000000002,1558015185000,600
1186,227.72405714285716,1558015186000,660
1187,227.75,1558015187000,182
1188,227.74954285714287,1558015188000,1741
1189,227.72214,1558015189000,374
1190,227.65842105263158,1558015190000,2107
1191,227.59228749999997,1558015191000,260
1192,227.6187,1558015192000,200
1193,227.54216000000002,1558015193000,250
1194,227.51457812500004,1558015194000,2087
1195,227.5363846153846,1558015195000,507
1196,227.5762,1558015196000,115
1197,227.58713333333336,1558015197000,46
1198,227.62,1558015198000,100
1199,227.54998571428573,1558015199000,156
1200,227.50333333333333,1558015200000,103
1201,227.67316923076925,1558015201000,1077
1202,227.5955263157895,1558015202000,4057
1203,227.62,1558015203000,101
1204,227.65094999999997,1558015204000,2916
1205,227.5270588235294,1558015205000,2029
1206,227.4617714285714,1558015206000,375
1207,227.40693684210524,1558015207000,922
1208,227.3382181818182,1558015208000,4524
1209,227.4498,1558015209000,108
1210,227.39078571428567,1558015210000,400
1211,227.39592499999998,1558015211000,256
1212,227.40419999999997,1558015212000,1080
1213,227.41809999999998,1558015213000,2
1214,227.46,1558015214000,11
1215,227.3395285714286,1558015215000,2201
1216,227.37572,1558015216000,247
1217,227.3347,1558015217000,1952
1218,227.44,1558015218000,10
1219,227.41333333333336,1558015219000,125
1220,227.4064,1558015220000,3
1221,227.4439,1558015221000,60
1222,227.45,1558015222000,1
1223,227.28,1558015223000,9
1224,227.29,1558015224000,100
1225,227.23588974358967,1558015225000,3902
1226,227.21552307692298,1558015226000,4580
1227,227.29599999999996,1558015227000,105
1228,227.3176,1558015228000,801
1229,227.26000000000002,1558015229000,498
1230,227.28,1558015230000,20
1231,227.275,1558015231000,280
1232,227.27,1558015232000,100
1233,227.23621599999996,1558015233000,1915
1234,227.18187500000002,1558015234000,520
1235,227.2272,1558015235000,175
1236,227.21465,1558015236000,280
1237,227.17230769230767,1558015237000,585
1238,227.10669375000012,1558015238000,8199
1239,227.14815000000002,1558015239000,111
1240,227.15147499999998,1558015240000,600
1241,227.12541999999993,1558015241000,1237
1242,227.09109999999998,1558015242000,110
1243,227.14161923076927,1558015243000,2184
1244,227.0964,1558015244000,273
1245,227.00055134328352,1558015245000,26437
1246,227.0188,1558015246000,2853
1247,226.99882666666664,1558015247000,957
1248,227.00684,1558015248000,138
1249,226.95,1558015249000,100
1250,227.00375,1558015250000,120
1251,226.985,1558015251000,289
1252,227.02997499999998,1558015252000,154
1253,227.00764705882358,1558015253000,1892
1254,226.98233333333334,1558015254000,200
1255,226.9077642857142,1558015255000,6577
1256,226.87382307692303,1558015256000,1373
1257,226.92296470588238,1558015257000,1763
1258,226.83128636363637,1558015258000,1147
1259,226.80419230769238,1558015259000,2839
1260,226.82406,1558015260000,380
1261,226.8283615384615,1558015261000,2062
1262,226.7853,1558015262000,920
1263,226.78034545454545,1558015263000,520
1264,226.8235260869566,1558015264000,1716
1265,226.85450000000003,1558015265000,572
1266,226.83270000000002,1558015266000,495
1267,226.78739047619058,1558015267000,1291
1268,226.82675999999998,1558015268000,215
1269,226.799,1558015269000,1215
1270,226.83764705882353,1558015270000,1069
1271,226.9199,1558015271000,4
1272,226.8903,1558015272000,110
1273,226.86534999999998,1558015273000,178
1274,226.83692999999994,1558015274000,1650
1275,226.81910000000002,1558015275000,350
1276,226.86547499999998,1558015276000,14
1277,226.92415714285715,1558015277000,1521
1278,226.94,1558015278000,120
1279,226.9382,1558015279000,316
1280,226.88500000000002,1558015280000,105
1281,226.9226,1558015281000,9
1282,226.85649999999995,1558015282000,3715
1283,226.8987,1558015283000,621
1284,226.9353272727273,1558015284000,636
1285,226.87857142857146,1558015285000,3300
1286,226.92316666666667,1558015286000,57
1287,226.9354,1558015287000,90
1288,226.9449,1558015288000,115
1289,226.97692307692301,1558015289000,2130
1290,226.98426666666668,1558015290000,31
1291,227.0118,1558015291000,35
1292,227.04562857142858,1558015292000,1685
1293,227.04388181818183,1558015293000,819
1294,227.02585,1558015294000,1261
1295,227.03035,1558015295000,250
1296,227.0244555555556,1558015296000,501
1297,227.0388,1558015297000,415
1298,227.0672,1558015298000,10
1299,227.06626666666662,1558015299000,240
1300,226.92765432098773,1558015300000,5379
1301,226.95606666666666,1558015301000,393
1302,226.98393333333334,1558015302000,547
1303,226.95654,1558015303000,140
1304,226.99076666666664,1558015304000,7
1305,226.9666666666667,1558015305000,201
1306,226.95159999999998,1558015306000,20
1307,226.87541666666667,1558015307000,195
1308,226.91246428571426,1558015308000,732
1309,226.90878333333333,1558015309000,1157
1310,226.8842666666667,1558015310000,141
1311,226.82805000000002,1558015311000,83
1312,226.81,1558015312000,2
1313,226.89228000000003,1558015313000,259
1314,226.84666666666666,1558015314000,157
1315,226.96000000000004,1558015315000,1858
1316,226.91199999999998,1558015316000,125
1317,226.89752000000004,1558015317000,326
1318,226.84374999999997,1558015318000,913
1319,226.889325,1558015319000,556
1320,226.868425,1558015320000,161
1321,226.85850833333333,1558015321000,912
1322,226.94615384615386,1558015322000,1682
1323,226.99639090909088,1558015323000,558
1324,227.00635714285713,1558015324000,164
1325,227.00936666666666,1558015325000,70
1326,226.9796,1558015326000,808
1327,226.9,1558015327000,54
1328,226.9,1558015328000,46
1329,226.8784538461538,1558015329000,725
1330,226.94000000000003,1558015330000,354
1331,226.86533333333333,1558015331000,400
1332,226.94324999999998,1558015332000,203
1333,226.94000000000003,1558015333000,120
1334,226.99642857142862,1558015334000,1030
1335,227.03254545454547,1558015335000,576
1336,227.109,1558015336000,274
1337,227.08545,1558015337000,1095
1338,227.068075,1558015338000,31
1339,227.1510384615385,1558015339000,1496
1340,227.18,1558015340000,532
1341,227.120725,1558015341000,155
1342,227.08541333333332,1558015342000,1000
1343,227.1575,1558015343000,125
1344,227.186725,1558015344000,161
1345,227.1048,1558015345000,15
1346,227.22,1558015346000,50
1347,227.08093846153847,1558015347000,1109
1348,227.13705714285715,1558015348000,1270
1349,227.1404,1558015349000,201
1350,227.16019999999997,1558015350000,3
1351,227.1329916666667,1558015351000,888
1352,227.10913333333335,1558015352000,66
1353,227.1176,1558015353000,7
1354,227.075,1558015354000,302
1355,227.20122,1558015355000,301
1356,227.2212,1558015356000,105
1357,227.1949142857143,1558015357000,248
1358,227.1924,1558015358000,100
1359,227.2093,1558015359000,3
1360,227.24,1558015360000,1
1361,227.2399,1558015361000,7
1362,227.2132,1558015362000,100
1363,227.15716666666665,1558015363000,1618
1364,227.2304,1558015364000,1
1365,227.01956521739135,1558015365000,922
1366,227.07999999999998,1558015366000,77
1367,227.053525,1558015367000,301
1368,227.09666666666666,1558015368000,112
1369,227.14792857142857,1558015369000,623
1370,227.15,1558015370000,29
1371,227.06,1558015371000,53
1372,227.06573333333336,1558015372000,202
1373,227.11543999999998,1558015373000,127
1374,227.13,1558015374000,5
1375,227.12166666666667,1558015375000,268
1376,227.1317,1558015376000,1021
1377,227.11166666666665,1558015377000,757
1378,227.08175,1558015378000,26
1379,227.04666666666665,1558015379000,619
1380,227.09136666666666,1558015380000,282
1381,227.18593333333334,1558015381000,113
1382,227.1704,1558015382000,400
1383,227.08,1558015383000,50
1384,227.09271666666666,1558015384000,562
1385,227.08088461538466,1558015385000,2557
1386,227.01356666666666,1558015386000,400
1387,227.13026666666664,1558015387000,24
1388,227.10793333333334,1558015388000,18
1389,227.16196,1558015389000,302
1390,227.2,1558015390000,100
1391,227.12195,1558015391000,106
1392,227.24,1558015392000,54
1393,227.25571428571428,1558015393000,1300
1394,227.22865000000002,1558015394000,117
1395,227.29777777777775,1558015395000,795
1396,227.32257272727273,1558015396000,315
1397,227.26903333333334,1558015397000,701
1398,227.3613,1558015398000,503
1399,227.33053333333336,1558015399000,23
1400,227.37249999999997,1558015400000,27
1401,227.29468181818183,1558015401000,314
1402,227.22502222222226,1558015402000,1010
1403,227.35313333333332,1558015403000,24
1404,227.19,1558015404000,4
1405,227.19,1558015405000,261
1406,227.2941,1558015406000,1
1407,227.19,1558015407000,100
1408,227.3,1558015408000,100
1409,227.24,1558015409000,20
1410,227.22000000000003,1558015410000,105
1411,227.3,1558015411000,15
1412,227.33373333333333,1558015412000,2006
1413,227.385,1558015413000,101
1414,227.40706666666665,1558015414000,300
1415,227.39797142857145,1558015415000,601
1416,227.39,1558015416000,100
1417,227.38,1558015417000,51
1418,227.3,1558015418000,3
1419,227.3,1558015419000,200
1420,227.42425,1558015420000,521
1421,227.48577878787876,1558015421000,2817
1422,227.38333333333335,1558015422000,485
1423,227.41400000000002,1558015423000,742
1424,227.44835,1558015424000,31
1425,227.47663333333333,1558015425000,301
1426,227.42764666666665,1558015426000,1910
1427,227.47310000000002,1558015427000,569
1428,227.40375,1558015428000,310
1429,227.4172,1558015429000,50
1430,227.35,1558015430000,100
1431,227.51495,1558015431000,101
1432,227.43721999999997,1558015432000,204
1433,227.4813,1558015433000,38
1434,227.454075,1558015434000,32
1435,227.477,1558015435000,10
1436,227.43539230769235,1558015436000,489
1437,227.45,1558015437000,100
1438,227.46,1558015438000,1
1439,227.4331,1558015439000,10
1440,227.402725,1558015440000,60
1441,227.3851,1558015441000,30
1442,227.45,1558015442000,5
1443,227.44398333333334,1558015443000,121
1444,227.4679,1558015444000,8
1445,227.43415,1558015445000,30
1446,227.33402727272733,1558015446000,801
1447,227.28981666666664,1558015447000,259
1448,227.2301,1558015448000,3
1449,227.3704,1558015449000,15
1450,227.35456666666664,1558015450000,53
1451,227.3198,1558015451000,14
1452,227.27095,1558015452000,31
1453,227.35437499999998,1558015453000,205
1454,227.31,1558015454000,27
1455,227.18639999999988,1558015455000,2133
1456,227.16,1558015456000,100
1457,227.24249999999998,1558015457000,141
1458,227.2037,1558015458000,145
1459,227.20000000000002,1558015459000,120
1460,227.277205,1558015460000,1164
1461,227.18586666666667,1558015461000,657
1462,227.2477,1558015462000,2
1463,227.16166666666666,1558015463000,200
1464,227.20000000000002,1558015464000,583
1465,227.32335,1558015465000,58
1466,227.211,1558015466000,348
1467,227.1607,1558015467000,102
1468,227.24333333333334,1558015468000,206
1469,227.215,1558015469000,30
1470,227.21906666666666,1558015470000,1001
1471,227.19933333333333,1558015471000,1361
1472,227.26,1558015472000,20
1473,227.275,1558015473000,100
1474,227.21333333333328,1558015474000,211
1475,227.3048,1558015475000,200
1476,227.3318,1558015476000,100
1477,227.365,1558015477000,12
1478,227.27,1558015478000,100
1479,227.36,1558015479000,7
1480,227.18,1558015480000,100
1481,227.32192307692304,1558015481000,1223
1482,227.39,1558015482000,60
1483,227.39,1558015483000,415
1484,227.16,1558015484000,81
1485,227.17,1558015485000,30
1486,227.25,1558015486000,100
1487,227.26248333333334,1558015487000,135
1488,227.30355,1558015488000,192
1489,227.2565142857143,1558015489000,162
1490,227.20475,1558015490000,300
1491,227.21412,1558015491000,1057
1492,227.29000000000002,1558015492000,680
1493,227.17024999999995,1558015493000,1936
1494,227.0423157894737,1558015494000,9557
1495,226.94768333333332,1558015495000,904
1496,226.93584285714286,1558015496000,284
1497,226.946825,1558015497000,2250
1498,226.90869777777763,1558015498000,3720
1499,226.89150588235293,1558015499000,3750
1500,226.84582325581403,1558015500000,4037
1501,226.96,1558015501000,300
1502,226.958,1558015502000,201
1503,227.0352,1558015503000,2160
1504,227.045875,1558015504000,341
1505,227.08,1558015505000,100
1506,227.09795000000003,1558015506000,326
1507,227.07979999999998,1558015507000,203
1508,227.06778333333332,1558015508000,257
1509,227.02,1558015509000,100
1510,227.1311,1558015510000,175
1511,227.1086,1558015511000,14
1512,227.08403333333334,1558015512000,104
1513,227.14262000000002,1558015513000,608
1514,227.2022,1558015514000,51
1515,227.15,1558015515000,50
1516,227.25,1558015516000,3
1517,227.2466,1558015517000,2
1518,227.24,1558015518000,5
1519,227.11249999999998,1558015519000,150
1520,227.19876666666664,1558015520000,325
1521,227.1732,1558015521000,102
1522,227.18925714285714,1558015522000,448
1523,227.21880000000002,1558015523000,181
1524,227.24777777777783,1558015524000,1041
1525,227.31199999999998,1558015525000,350
1526,227.31,1558015526000,100
1527,227.14823200000006,1558015527000,1328
1528,227.13253333333333,1558015528000,212
1529,227.144,1558015529000,400
1530,227.2254,1558015530000,1000
1531,227.2404,1558015531000,261
1532,227.22199999999998,1558015532000,250
1533,227.16464285714287,1558015533000,914
1534,227.30955,1558015534000,7
1535,227.25,1558015535000,2
1536,227.37,1558015536000,100
1537,227.2,1558015537000,901
1538,227.27283333333332,1558015538000,107
1539,227.31966666666665,1558015539000,252
1540,227.31,1558015540000,6
1541,227.275125,1558015541000,255
1542,227.3642105263158,1558015542000,3357
1543,227.4152888888889,1558015543000,889
1544,227.4946,1558015544000,305
1545,227.41995714285713,1558015545000,374
1546,227.5,1558015546000,4
1547,227.49,1558015547000,50
1548,227.25261388888882,1558015548000,5244
1549,227.27,1558015549000,100
1550,227.37,1558015550000,2
1551,227.327,1558015551000,10
1552,227.3,1558015552000,250
1553,227.2755,1558015553000,6
1554,227.3235,1558015554000,550
1555,227.245,1558015555000,101
1556,227.32985,1558015556000,33
1557,227.31945000000002,1558015557000,101
1558,227.3491,1558015558000,2
1559,227.24,1558015559000,101
1560,227.2,1558015560000,1
1561,227.37,1558015561000,20
1562,227.285,1558015562000,400
1563,227.2594,1558015563000,5
1564,227.285,1558015564000,100
1565,227.28430526315782,1558015565000,1739
1566,227.352,1558015566000,1560
1567,227.47,1558015567000,101
1568,227.36237499999996,1558015568000,857
1569,227.40266666666665,1558015569000,35
1570,227.354,1558015570000,1
1571,227.41706666666667,1558015571000,152
1572,227.3614,1558015572000,900
1573,227.4511,1558015573000,85
1574,227.3714,1558015574000,30
1575,227.4289666666667,1558015575000,126
1576,227.5110181818182,1558015576000,1718
1577,227.59,1558015577000,100
1578,227.525,1558015578000,1
1579,227.50775000000002,1558015579000,287
1580,227.52683333333334,1558015580000,174
1581,227.48245,1558015581000,1213
1582,227.43495000000001,1558015582000,51
1583,227.37,1558015583000,61
1584,227.33999999999995,1558015584000,1101
1585,227.42857500000002,1558015585000,218
1586,227.37272000000002,1558015586000,293
1587,227.41635,1558015587000,335
1588,227.409225,1558015588000,141
1589,227.4398,1558015589000,25
1590,227.4353,1558015590000,1
1591,227.42999999999998,1558015591000,102
1592,227.41146666666668,1558015592000,42
1593,227.44,1558015593000,11
1594,227.4219333333333,1558015594000,139
1595,227.39791999999997,1558015595000,326
1596,227.4216666666667,1558015596000,744
1597,227.415,1558015597000,102
1598,227.4641,1558015598000,14
1599,227.475,1558015599000,11
1600,227.44549999999998,1558015600000,144
1601,227.513375,1558015601000,538
1602,227.502,1558015602000,50
1603,227.52863333333332,1558015603000,456
1604,227.47500000000002,1558015604000,20
1605,227.5669,1558015605000,1
1606,227.56300000000002,1558015606000,6
1607,227.52499999999998,1558015607000,168
1608,227.468,1558015608000,6
1609,227.561,1558015609000,1
1610,227.56,1558015610000,5
1611,227.58216666666672,1558015611000,3928
1612,227.67550000000003,1558015612000,178
1613,227.71375,1558015613000,674
1614,227.7422333333333,1558015614000,210
1615,227.7595,1558015615000,202
1616,227.71923333333334,1558015616000,401
1617,227.7032,1558015617000,10
1618,227.75,1558015618000,100
1619,227.73375,1558015619000,1150
1620,227.7308,1558015620000,350
1621,227.77780434782616,1558015621000,2446
1622,227.82750000000001,1558015622000,103
1623,227.87,1558015623000,100
1624,227.8398357142857,1558015624000,1131
1625,227.8812666666667,1558015625000,448
1626,227.93222,1558015626000,2671
1627,227.84,1558015627000,124
1628,227.8209,1558015628000,50
1629,227.87455,1558015629000,301
1630,227.89697777777772,1558015630000,2144
1631,227.95,1558015631000,1
1632,227.86275,1558015632000,43
1633,227.9022,1558015633000,411
1634,227.8854,1558015634000,6
1635,227.89557142857146,1558015635000,754
1636,227.85406666666668,1558015636000,112
1637,227.90585,1558015637000,3
1638,227.89497999999998,1558015638000,513
1639,227.8888142857143,1558015639000,117
1640,227.88333333333333,1558015640000,16
1641,227.85555,1558015641000,435
1642,227.7983666666667,1558015642000,2248
1643,227.86,1558015643000,2
1644,227.73,1558015644000,100
1645,227.73512,1558015645000,1166
1646,227.73000000000002,1558015646000,71
1647,227.7828,1558015647000,1
1648,227.7944,1558015648000,25
1649,227.7716833333333,1558015649000,526
1650,227.66873333333334,1558015650000,610
1651,227.64170000000001,1558015651000,750
1652,227.5807,1558015652000,133
1653,227.6232,1558015653000,1001
1654,227.578,1558015654000,100
1655,227.69,1558015655000,1
1656,227.644975,1558015656000,83
1657,227.646,1558015657000,250
1658,227.68335,1558015658000,301
1659,227.6425,1558015659000,39
1660,227.6567,1558015660000,36
1661,227.66,1558015661000,10
1662,227.63743333333332,1558015662000,225
1663,227.64666666666668,1558015663000,23
1664,227.7299,1558015664000,4
1665,227.6833333333333,1558015665000,116
1666,227.71769999999998,1558015666000,1092
1667,227.705,1558015667000,111
1668,227.66636363636363,1558015668000,719
1669,227.67810000000003,1558015669000,288
1670,227.6755,1558015670000,100
1671,227.63213333333331,1558015671000,111
1672,227.65,1558015672000,629
1673,227.65265,1558015673000,19
1674,227.67326666666668,1558015674000,700
1675,227.67200000000003,1558015675000,114
1676,227.7075545454545,1558015676000,1244
1677,227.7520625,1558015677000,351
1678,227.7634,1558015678000,111
1679,227.78173999999999,1558015679000,39
1680,227.748,1558015680000,20
1681,227.8216666666667,1558015681000,537
1682,227.9,1558015682000,100
1683,227.8955555555556,1558015683000,900
1684,227.8311,1558015684000,60
1685,227.8025,1558015685000,15
1686,227.9542407407407,1558015686000,2160
1687,228.0052380281689,1558015687000,5178
1688,227.95750000000004,1558015688000,650
1689,227.9099,1558015689000,100
1690,227.8464,1558015690000,1022
1691,227.84,1558015691000,75
1692,227.875,1558015692000,239
1693,227.90295454545455,1558015693000,519
1694,228.0093,1558015694000,505
1695,227.9609,1558015695000,150
1696,228.01,1558015696000,5
1697,228.0,1558015697000,2
1698,227.88583333333335,1558015698000,242
1699,227.939,1558015699000,50
1700,227.9274833333333,1558015700000,1078
1701,227.9318,1558015701000,909
1702,227.96247142857143,1558015702000,437
1703,227.949,1558015703000,50
1704,227.95,1558015704000,1
1705,227.93469999999996,1558015705000,128
1706,227.97503125,1558015706000,18925
1707,228.06381568627458,1558015707000,3983
1708,228.0897,1558015708000,310
1709,228.17356428571426,1558015709000,945
1710,228.215,1558015710000,539
1711,228.2164,1558015711000,413
1712,228.11975,1558015712000,291
1713,228.13469999999998,1558015713000,1500
1714,228.11456666666666,1558015714000,232
1715,228.0916,1558015715000,23
1716,228.08,1558015716000,4
1717,228.16915833333334,1558015717000,456
1718,228.1509,1558015718000,42
1719,228.187475,1558015719000,35
1720,228.1446,1558015720000,724
1721,228.18120000000002,1558015721000,175
1722,228.1155,1558015722000,50
1723,228.18855000000002,1558015723000,205
1724,228.1973,1558015724000,8
1725,228.20169999999996,1558015725000,457
1726,228.20375,1558015726000,356
1727,228.2261777777778,1558015727000,726
1728,228.17531428571434,1558015728000,1753
1729,228.15214999999998,1558015729000,240
1730,228.1779,1558015730000,1059
1731,228.1101,1558015731000,100
1732,228.18855999999997,1558015732000,118
1733,228.09881875000005,1558015733000,1514
1734,228.07665714285713,1558015734000,399
1735,228.0533,1558015735000,23
1736,228.055,1558015736000,11
1737,228.1098,1558015737000,13
1738,228.0,1558015738000,8
1739,228.0,1558015739000,92
1740,228.0418,1558015740000,100
1741,228.0775,1558015741000,180
1742,228.0664,1558015742000,18
1743,228.0975,1558015743000,2
1744,228.0974,1558015744000,204
1745,228.09985999999998,1558015745000,223
1746,228.1202066666667,1558015746000,2255
1747,228.07084285714285,1558015747000,409
1748,228.1476,1558015748000,51
1749,228.13799999999998,1558015749000,600
1750,228.1543,1558015750000,29
1751,228.17,1558015751000,100
1752,228.0933,1558015752000,900
1753,227.94153488372092,1558015753000,3881
1754,227.91835833333337,1558015754000,1034
1755,227.9194,1558015755000,300
1756,227.96,1558015756000,4
1757,227.88700000000003,1558015757000,399
1758,227.89165,1558015758000,8
1759,228.05,1558015759000,1
1760,227.94323333333332,1558015760000,869
1761,227.9066666666667,1558015761000,500
1762,227.9271,1558015762000,15
1763,227.84,1558015763000,20
1764,227.97,1558015764000,65
1765,228.0,1558015765000,13
1766,227.94333333333336,1558015766000,280
1767,228.0,1558015767000,17
1768,227.9505,1558015768000,5
1769,227.9,1558015769000,1
1770,227.83900000000003,1558015770000,1785
1771,227.775,1558015771000,199
1772,227.8411,1558015772000,400
1773,227.914,1558015773000,46
1774,227.91,1558015774000,5
1775,227.846225,1558015775000,125
1776,227.90365,1558015776000,45
1777,227.8,1558015777000,2
1778,227.86750000000004,1558015778000,581
1779,227.89999999999998,1558015779000,200
1780,227.9031,1558015780000,301
1781,227.88915,1558015781000,101
1782,227.90994999999998,1558015782000,51
1783,227.91894545454545,1558015783000,772
1784,227.89999999999998,1558015784000,101
1785,227.99033333333333,1558015785000,1000
1786,228.03,1558015786000,50
1787,228.0,1558015787000,5
1788,227.97,1558015788000,97
1789,228.0,1558015789000,2
1790,227.99,1558015790000,50
1791,228.00857142857143,1558015791000,304
1792,227.94,1558015792000,100
1793,227.92111111111112,1558015793000,1215
1794,227.92776666666668,1558015794000,713
1795,228.0194,1558015795000,500
1796,227.99333333333334,1558015796000,68
1797,228.00374782608702,1558015797000,1607
1798,227.9201,1558015798000,35
1799,228.0,1558015799000,25
1800,228.03356666666664,1558015800000,21
1801,227.997,1558015801000,30
1802,228.055,1558015802000,51
1803,228.05,1558015803000,10
1804,227.92,1558015804000,124
1805,227.9975,1558015805000,100
1806,228.03,1558015806000,2
1807,227.88462380952382,1558015807000,1106
1808,227.78,1558015808000,300
1809,227.83833333333334,1558015809000,430
1810,227.895,1558015810000,100
1811,227.9445,1558015811000,101
1812,227.86176666666665,1558015812000,402
1813,227.84,1558015813000,106
1814,227.9356,1558015814000,15
1815,227.9565,1558015815000,10
1816,227.89,1558015816000,100
1817,227.89,1558015817000,200
1818,227.89,1558015818000,2
1819,227.99,1558015819000,100
1820,227.9,1558015820000,100
1821,227.9,1558015821000,2
1822,227.89,1558015822000,25
1823,227.867,1558015823000,657
1824,227.8,1558015824000,100
1825,227.9676,1558015825000,10
1826,227.85,1558015826000,2
1827,227.81285714285713,1558015827000,1348
1828,227.8516666666667,1558015828000,90
1829,227.76943333333335,1558015829000,701
1830,227.75,1558015830000,500
1831,227.77366666666668,1558015831000,1302
1832,227.85525,1558015832000,65
1833,227.88663333333332,1558015833000,205
1834,227.81015000000002,1558015834000,7
1835,227.9185,1558015835000,500
1836,227.82150000000001,1558015836000,121
1837,227.885,1558015837000,20
1838,227.8602,1558015838000,50
1839,227.76505,1558015839000,21
1840,227.84994,1558015840000,485
1841,227.855,1558015841000,101
1842,227.77714285714288,1558015842000,201
1843,227.9082,1558015843000,11
1844,227.72,1558015844000,100
1845,227.74,1558015845000,8
1846,227.756,1558015846000,1755
1847,227.77875,1558015847000,221
1848,227.7318,1558015848000,15
1849,227.71711052631576,1558015849000,1485
1850,227.75,1558015850000,60
1851,227.7228,1558015851000,205
1852,227.74148571428572,1558015852000,429
1853,227.74282000000002,1558015853000,352
1854,227.70726666666667,1558015854000,330
1855,227.7075,1558015855000,426
1856,227.74334,1558015856000,817
1857,227.62775,1558015857000,302
1858,227.5323863636364,1558015858000,2980
1859,227.5,1558015859000,5
1860,227.44240769230768,1558015860000,2278
1861,227.4726,1558015861000,25
1862,227.5335,1558015862000,1
1863,227.44,1558015863000,100
1864,227.47685714285717,1558015864000,151
1865,227.48685714285716,1558015865000,226
1866,227.54,1558015866000,3
1867,227.51999999999998,1558015867000,42
1868,227.44999999999996,1558015868000,201
1869,227.5118071428571,1558015869000,801
1870,227.5257333333333,1558015870000,1011
1871,227.499,1558015871000,114
1872,227.49902000000003,1558015872000,322
1873,227.39931764705878,1558015873000,2635
1874,227.48264999999998,1558015874000,151
1875,227.49875,1558015875000,580
1876,227.46765,1558015876000,248
1877,227.49355999999997,1558015877000,169
1878,227.42,1558015878000,100
1879,227.49486666666667,1558015879000,151
1880,227.48015999999998,1558015880000,470
1881,227.4719,1558015881000,25
1882,227.48,1558015882000,49
1883,227.48833333333332,1558015883000,102
1884,227.5377,1558015884000,25
1885,227.5075,1558015885000,102
1886,227.496,1558015886000,27
1887,227.48209999999997,1558015887000,915
1888,227.50023333333334,1558015888000,140
1889,227.4574411764706,1558015889000,3047
1890,227.40032000000005,1558015890000,1330
1891,227.4335,1558015891000,482
1892,227.4425,1558015892000,74
1893,227.37,1558015893000,100
1894,227.37333333333333,1558015894000,19
1895,227.33,1558015895000,1
1896,227.28500000000008,1558015896000,7259
1897,227.3372,1558015897000,150
1898,227.2966,1558015898000,2
1899,227.2035,1558015899000,1000
1900,227.24935,1558015900000,106
1901,227.31116666666665,1558015901000,28
1902,227.1859,1558015902000,1
1903,227.24692857142855,1558015903000,383
1904,227.2,1558015904000,50
1905,227.2785,1558015905000,300
1906,227.20833333333334,1558015906000,1159
1907,227.22969999999998,1558015907000,101
1908,227.2324,1558015908000,150
1909,227.2785714285715,1558015909000,914
1910,227.236,1558015910000,1655
1911,227.24234,1558015911000,228
1912,227.2,1558015912000,15
1913,227.2192142857143,1558015913000,296
1914,227.2458,1558015914000,109
1915,227.2871,1558015915000,290
1916,227.20415,1558015916000,12
1917,227.26999999999998,1558015917000,206
1918,227.2494,1558015918000,156
1919,227.20967499999998,1558015919000,1775
1920,227.19666666666663,1558015920000,201
1921,227.2782,1558015921000,1
1922,227.225,1558015922000,5
1923,227.2616,1558015923000,101
1924,227.2243,1558015924000,23
1925,227.27197999999999,1558015925000,309
1926,227.21346799999992,1558015926000,2626
1927,227.23744000000002,1558015927000,227
1928,227.2783,1558015928000,650
1929,227.28347826086954,1558015929000,1520
1930,227.2965,1558015930000,500
1931,227.2607,1558015931000,5
1932,227.2945,1558015932000,101
1933,227.30495000000002,1558015933000,402
1934,227.275,1558015934000,2
1935,227.2748,1558015935000,200
1936,227.34,1558015936000,100
1937,227.324825,1558015937000,104
1938,227.33225000000007,1558015938000,1134
1939,227.3505,1558015939000,400
1940,227.40017777777777,1558015940000,1669
1941,227.44751666666664,1558015941000,1328
1942,227.381,1558015942000,285
1943,227.45,1558015943000,15
1944,227.488,1558015944000,35
1945,227.35692142857138,1558015945000,1122
1946,227.36475000000002,1558015946000,55
1947,227.47,1558015947000,1
1948,227.4215166666667,1558015948000,702
1949,227.442125,1558015949000,201
1950,227.4048,1558015950000,500
1951,227.4249888888889,1558015951000,468
1952,227.39665000000002,1558015952000,1001
1953,227.376225,1558015953000,140
1954,227.404,1558015954000,70
1955,227.4111,1558015955000,1340
1956,227.40666000000002,1558015956000,400
1957,227.4229545454546,1558015957000,629
1958,227.41363636363639,1558015958000,850
1959,227.4333333333333,1558015959000,111
1960,227.43155000000002,1558015960000,1011
1961,227.40356774193557,1558015961000,2056
1962,227.2922277777778,1558015962000,2562
1963,227.15914909090904,1558015963000,6327
1964,227.1291666666667,1558015964000,360
1965,227.20306666666667,1558015965000,203
1966,227.19999999999996,1558015966000,110
1967,227.24676,1558015967000,1847
1968,227.16714155844167,1558015968000,5562
1969,227.20975714285714,1558015969000,2005
1970,227.307375,1558015970000,350
1971,227.2938,1558015971000,20
1972,227.26508999999996,1558015972000,1400
1973,227.20100000000002,1558015973000,400
1974,227.29,1558015974000,10
1975,227.2848,1558015975000,5
1976,227.17,1558015976000,100
1977,227.2999,1558015977000,5
1978,227.29,1558015978000,40
1979,227.3,1558015979000,5
1980,227.30474999999996,1558015980000,1095
1981,227.3281,1558015981000,2
1982,227.2,1558015982000,1
1983,227.26999999999998,1558015983000,102
1984,227.2,1558015984000,2
1985,227.2988,1558015985000,200
1986,227.31334999999999,1558015986000,111
1987,227.3004,1558015987000,215
1988,227.33,1558015988000,1
1989,227.2749,1558015989000,601
1990,227.2606,1558015990000,2
1991,227.29,1558015991000,105
1992,227.29313333333334,1558015992000,9
1993,227.18886249999989,1558015993000,4491
1994,227.1,1558015994000,100
1995,227.08162499999997,1558015995000,3520
1996,227.18,1558015996000,1
1997,227.08,1558015997000,100
1998,227.1899,1558015998000,1
1999,227.06875000000002,1558015999000,300
2000,227.155,1558016000000,75
2001,227.125875,1558016001000,252
2002,227.15666666666667,1558016002000,20
2003,227.12409090909088,1558016003000,1120
2004,227.10665555555548,1558016004000,1050
2005,227.11846590909082,1558016005000,2288
2006,227.0928,1558016006000,2
2007,227.0918,1558016007000,1
2008,227.10202222222222,1558016008000,1726
2009,227.06696666666664,1558016009000,68
2010,227.10000000000002,1558016010000,165
2011,227.07354166666664,1558016011000,393
2012,227.18,1558016012000,1
2013,227.13600000000002,1558016013000,125
2014,227.219375,1558016014000,1264
2015,227.22231666666667,1558016015000,228
2016,227.29,1558016016000,9
2017,227.2996,1558016017000,91
2018,227.16,1558016018000,100
2019,227.19,1558016019000,100
2020,227.14972000000003,1558016020000,589
2021,227.145,1558016021000,26
2022,227.2299,1558016022000,137
2023,227.1984,1558016023000,300
2024,227.136375,1558016024000,450
2025,227.15,1558016025000,422
2026,227.11,1558016026000,100
2027,227.1,1558016027000,50
2028,227.1045,1558016028000,18
2029,227.185,1558016029000,178
2030,227.1301,1558016030000,50
2031,227.18,1558016031000,10
2032,227.1735666666667,1558016032000,156
2033,227.21249999999998,1558016033000,8
2034,227.1916666666667,1558016034000,305
2035,227.185,1558016035000,125
2036,227.23535714285714,1558016036000,1512
2037,227.10682352941174,1558016037000,2292
2038,227.08864285714284,1558016038000,440
2039,227.08,1558016039000,450
2040,227.11625,1558016040000,251
2041,227.05,1558016041000,300
2042,227.07686666666666,1558016042000,323
2043,227.22,1558016043000,3
2044,227.11,1558016044000,1
2045,227.0788846153846,1558016045000,801
2046,227.065,1558016046000,20
2047,227.07755,1558016047000,37
2048,227.0788,1558016048000,311
2049,227.15615,1558016049000,104
2050,227.1386,1558016050000,50
2051,227.1416,1558016051000,202
2052,227.125,1558016052000,10
2053,227.11,1558016053000,700
2054,227.08833333333334,1558016054000,132
2055,227.1232,1558016055000,50
2056,227.09842857142854,1558016056000,800
2057,227.1001,1558016057000,5
2058,227.1,1558016058000,100
2059,227.1476,1558016059000,330
2060,227.1,1558016060000,83
2061,227.20055000000002,1558016061000,849
2062,227.28326666666666,1558016062000,1072
2063,227.2567,1558016063000,300
2064,227.2308,1558016064000,100
2065,227.34,1558016065000,2
2066,227.294,1558016066000,100
2067,227.3374,1558016067000,1
2068,227.21,1558016068000,1
2069,227.26999999999998,1558016069000,187
2070,227.2425,1558016070000,200
2071,227.24,1558016071000,5
2072,227.23304285714286,1558016072000,343
2073,227.29053333333331,1558016073000,119
2074,227.3,1558016074000,1
2075,227.21,1558016075000,4
2076,227.22800000000004,1558016076000,139
2077,227.2175,1558016077000,118
2078,227.246,1558016078000,50
2079,227.19,1558016079000,5
2080,227.24,1558016080000,90
2081,227.25,1558016081000,10
2082,227.24555555555557,1558016082000,710
2083,227.27,1558016083000,103
2084,227.27249999999998,1558016084000,26
2085,227.2,1558016085000,5
2086,227.25125,1558016086000,500
2087,227.2,1558016087000,2
2088,227.31,1558016088000,200
2089,227.325,1558016089000,1277
2090,227.32833333333335,1558016090000,1140
2091,227.37766666666667,1558016091000,202
2092,227.34938333333332,1558016092000,1110
2093,227.3603,1558016093000,43
2094,227.37,1558016094000,100
2095,227.39289999999997,1558016095000,127
2096,227.38,1558016096000,50
2097,227.314,1558016097000,320
2098,227.32665714285713,1558016098000,250
2099,227.32917777777777,1558016099000,463
2100,227.36,1558016100000,72
2101,227.42346153846154,1558016101000,442
2102,227.429,1558016102000,335
2103,227.4,1558016103000,130
2104,227.45,1558016104000,100
2105,227.41584000000003,1558016105000,234
2106,227.4425,1558016106000,5
2107,227.4333333333333,1558016107000,76
2108,227.39,1558016108000,1
2109,227.48688524590165,1558016109000,6231
2110,227.385,1558016110000,100
2111,227.45831538461536,1558016111000,945
2112,227.44,1558016112000,100
2113,227.4273,1558016113000,480
2114,227.4881,1558016114000,581
2115,227.47333333333333,1558016115000,300
2116,227.48775,1558016116000,267
2117,227.5395333333334,1558016117000,1764
2118,227.6,1558016118000,20
2119,227.48,1558016119000,1
2120,227.524,1558016120000,100
2121,227.586,1558016121000,4
2122,227.5029,1558016122000,1000
2123,227.6,1558016123000,150
2124,227.49800000000002,1558016124000,1006
2125,227.5099909090909,1558016125000,494
2126,227.52053333333333,1558016126000,1025
2127,227.51500000000001,1558016127000,329
2128,227.5474,1558016128000,53
2129,227.500525,1558016129000,59
2130,227.55,1558016130000,500
2131,227.55,1558016131000,1
2132,227.55,1558016132000,49
2133,227.55,1558016133000,14
2134,227.5,1558016134000,100
2135,227.45383750000002,1558016135000,704
2136,227.41750000000002,1558016136000,264
2137,227.3964,1558016137000,500
2138,227.44,1558016138000,1
2139,227.38916666666668,1558016139000,315
2140,227.47,1558016140000,8
2141,227.4116,1558016141000,45
2142,227.41,1558016142000,100
2143,227.40288,1558016143000,616
2144,227.35,1558016144000,3
2145,227.467,1558016145000,1
2146,227.37030000000001,1558016146000,135
2147,227.3945,1558016147000,42
2148,227.41,1558016148000,100
2149,227.445,1558016149000,200
2150,227.45620000000002,1558016150000,465
2151,227.40235,1558016151000,31
2152,227.45,1558016152000,112
2153,227.4813,1558016153000,10
2154,227.4571,1558016154000,25
2155,227.43944545454545,1558016155000,420
2156,227.4472,1558016156000,20
2157,227.27879583333333,1558016157000,1381
2158,227.3513,1558016158000,2
2159,227.295,1558016159000,1
2160,227.278125,1558016160000,227
2161,227.31999999999996,1558016161000,90
2162,227.39125,1558016162000,202
2163,227.354,1558016163000,48
2164,227.3813,1558016164000,5
2165,227.33511666666666,1558016165000,129
2166,227.34666666666666,1558016166000,176
2167,227.35895,1558016167000,4
2168,227.308425,1558016168000,172
2169,227.3894,1558016169000,13
2170,227.34906666666666,1558016170000,52
2171,227.26,1558016171000,100
2172,227.34666666666666,1558016172000,31
2173,227.34,1558016173000,7
2174,227.375,1558016174000,45
2175,227.3,1558016175000,11
2176,227.26,1558016176000,10
2177,227.32,1558016177000,200
2178,227.4,1558016178000,38
2179,227.29,1558016179000,100
2180,227.3378,1558016180000,50
2181,227.4,1558016181000,5
2182,227.3564,1558016182000,351
2183,227.30246666666667,1558016183000,400
2184,227.28915,1558016184000,200
2185,227.25863636363636,1558016185000,1251
2186,227.270925,1558016186000,395
2187,227.2970833333333,1558016187000,255
2188,227.3684210526316,1558016188000,1357
2189,227.40841000000006,1558016189000,329
2190,227.41666666666666,1558016190000,90
2191,227.4602,1558016191000,2
2192,227.41246666666666,1558016192000,330
2193,227.48,1558016193000,1
2194,227.418,1558016194000,200
2195,227.48,1558016195000,100
2196,227.3613,1558016196000,688
2197,227.47,1558016197000,100
2198,227.48,1558016198000,100
2199,227.48,1558016199000,1
2200,227.36506666666665,1558016200000,105
2201,227.44263333333333,1558016201000,25
2202,227.451,1558016202000,50
2203,227.4799,1558016203000,45
2204,227.31,1558016204000,100
2205,227.39776666666663,1558016205000,500
2206,227.42333333333332,1558016206000,195
2207,227.47,1558016207000,5
2208,227.46,1558016208000,154
2209,227.33800000000002,1558016209000,257
2210,227.46,1558016210000,100
2211,227.3953333333333,1558016211000,152
2212,227.4154,1558016212000,10
2213,227.42,1558016213000,5
2214,227.365,1558016214000,50
2215,227.365,1558016215000,81
2216,227.32,1558016216000,100
2217,227.40666666666667,1558016217000,100
2218,227.3809,1558016218000,15
2219,227.3699,1558016219000,24
2220,227.32,1558016220000,60
2221,227.4072,1558016221000,1
2222,227.42,1558016222000,5
2223,227.2854884615386,1558016223000,1728
2224,227.25878333333333,1558016224000,324
2225,227.2995,1558016225000,598
2226,227.30956666666668,1558016226000,101
2227,227.3,1558016227000,8
2228,227.305,1558016228000,202
2229,227.2775,1558016229000,120
2230,227.29309999999998,1558016230000,17
2231,227.33,1558016231000,3
2232,227.23566666666673,1558016232000,954
2233,227.331325,1558016233000,2296
2234,227.47121212121215,1558016234000,2411
2235,227.64379374999996,1558016235000,978
2236,227.7999,1558016236000,1
2237,227.8,1558016237000,2
2238,227.6369,1558016238000,50
2239,227.6,1558016239000,100
2240,227.6,1558016240000,100
2241,227.62,1558016241000,100
2242,227.49,1558016242000,100
2243,227.54985,1558016243000,106
2244,227.5175833333333,1558016244000,412
2245,227.6199,1558016245000,10
2246,227.36500000000012,1558016246000,3190
2247,227.45575,1558016247000,208
2248,227.3104434782609,1558016248000,2500
2249,227.34936666666667,1558016249000,401
2250,227.39499999999998,1558016250000,1015
2251,227.41499999999996,1558016251000,352
2252,227.4174,1558016252000,400
2253,227.462,1558016253000,100
2254,227.51,1558016254000,16
2255,227.409,1558016255000,100
2256,227.4925,1558016256000,200
2257,227.43043333333333,1558016257000,250
2258,227.50333333333333,1558016258000,232
2259,227.43,1558016259000,100
2260,227.53415999999999,1558016260000,228
2261,227.445,1558016261000,75
2262,227.3175,1558016262000,118
2263,227.40265000000005,1558016263000,890
2264,227.38083333333336,1558016264000,451
2265,227.44,1558016265000,155
2266,227.36942727272728,1558016266000,582
2267,227.34081666666665,1558016267000,552
2268,227.33,1558016268000,200
2269,227.3907,1558016269000,990
2270,227.38423333333336,1558016270000,504
2271,227.3925,1558016271000,300
2272,227.38966,1558016272000,705
2273,227.4231,1558016273000,600
2274,227.49,1558016274000,3
2275,227.4232,1558016275000,5
2276,227.385,1558016276000,34
2277,227.4072,1558016277000,254
2278,227.42673333333335,1558016278000,12
2279,227.4228,1558016279000,40
2280,227.40006666666667,1558016280000,209
2281,227.4702,1558016281000,1
2282,227.4276,1558016282000,110
2283,227.49499999999998,1558016283000,669
2284,227.56583333333333,1558016284000,1001
2285,227.6895916666667,1558016285000,902
2286,227.63,1558016286000,100
2287,227.76081250000001,1558016287000,663
2288,227.7028,1558016288000,50
2289,227.69299999999998,1558016289000,750
2290,227.702,1558016290000,2
2291,227.515,1558016291000,13
2292,227.56,1558016292000,51
2293,227.5412,1558016293000,105
2294,227.5737,1558016294000,120
2295,227.596,1558016295000,102
2296,227.5383,1558016296000,7
2297,227.485,1558016297000,29
2298,227.55886666666666,1558016298000,72
2299,227.504,1558016299000,1
2300,227.577,1558016300000,173
2301,227.49,1558016301000,2
2302,227.50190476190477,1558016302000,667
2303,227.53,1558016303000,5
2304,227.53,1558016304000,50
2305,227.55666666666662,1558016305000,1136
2306,227.64625,1558016306000,91
2307,227.62,1558016307000,105
2308,227.6226,1558016308000,146
2309,227.6078,1558016309000,10
2310,227.64385,1558016310000,44
2311,227.6375,1558016311000,400
2312,227.64,1558016312000,130
2313,227.58336666666665,1558016313000,230
2314,227.699,1558016314000,1
2315,227.6692,1558016315000,100
2316,227.706,1558016316000,10
2317,227.702,1558016317000,5
2318,227.71,1558016318000,1
2319,227.5808,1558016319000,100
2320,227.625,1558016320000,100
2321,227.6662,1558016321000,280
2322,227.70151538461536,1558016322000,1073
2323,227.6792,1558016323000,200
2324,227.67276666666666,1558016324000,400
2325,227.68689999999998,1558016325000,25
2326,227.6732,1558016326000,1
2327,227.60333333333332,1558016327000,217
2328,227.64043333333333,1558016328000,4
2329,227.65201666666667,1558016329000,327
2330,227.6007,1558016330000,110
2331,227.66220000000004,1558016331000,559
2332,227.67086666666665,1558016332000,1831
2333,227.76714285714283,1558016333000,366
2334,227.7951,1558016334000,10
2335,227.8244,1558016335000,100
2336,227.79000000000005,1558016336000,208
2337,227.74394444444448,1558016337000,592
2338,227.75,1558016338000,2
2339,227.84,1558016339000,50
2340,227.73,1558016340000,8
2341,227.8120652173913,1558016341000,2346
2342,227.8976829268292,1558016342000,6000
2343,227.92,1558016343000,100
2344,227.97625000000002,1558016344000,700
2345,227.9530133333333,1558016345000,2410
2346,227.9634,1558016346000,2000
2347,227.86486666666664,1558016347000,934
2348,227.81275,1558016348000,105
2349,227.8344,1558016349000,20
2350,227.87,1558016350000,500
2351,227.87,1558016351000,20
2352,227.8083,1558016352000,85
2353,227.815,1558016353000,30
2354,227.82524999999998,1558016354000,313
2355,227.85996666666665,1558016355000,28
2356,227.8397666666667,1558016356000,42
2357,227.88,1558016357000,3
2358,227.82,1558016358000,100
2359,227.8477,1558016359000,1500
2360,227.855,1558016360000,1000
2361,227.83499999999998,1558016361000,190
2362,227.8567,1558016362000,52
2363,227.76,1558016363000,1
2364,227.88,1558016364000,37
2365,227.88,1558016365000,37
2366,227.80935,1558016366000,10
2367,227.8748,1558016367000,10
2368,227.84903333333332,1558016368000,308
2369,227.820875,1558016369000,851
2370,227.825,1558016370000,600
2371,227.81725,1558016371000,1030
2372,227.7901,1558016372000,55
2373,227.83,1558016373000,100
2374,227.83,1558016374000,300
2375,227.89,1558016375000,1
2376,227.825,1558016376000,10
2377,227.83,1558016377000,99
2378,227.83,1558016378000,201
2379,227.825,1558016379000,100
2380,227.77,1558016380000,100
2381,227.81645,1558016381000,167
2382,227.81686666666667,1558016382000,301
2383,227.83249999999998,1558016383000,16
2384,227.83943333333335,1558016384000,102
2385,227.8431,1558016385000,18
2386,227.835,1558016386000,10
2387,227.82199999999997,1558016387000,252
2388,227.8707,1558016388000,110
2389,227.8,1558016389000,9
2390,227.81574999999998,1558016390000,40
2391,227.72208333333325,1558016391000,1738
2392,227.75,1558016392000,1061
2393,227.72654999999997,1558016393000,131
2394,227.72050000000002,1558016394000,501
2395,227.7421,1558016395000,15
2396,227.72875,1558016396000,705
2397,227.73,1558016397000,3
2398,227.73000000000002,1558016398000,105
2399,227.72248,1558016399000,3511
2400,227.71875,1558016400000,60
2401,227.76333333333332,1558016401000,105
2402,227.73,1558016402000,100
2403,227.6651875,1558016403000,900
2404,227.65918000000002,1558016404000,526
2405,227.7489,1558016405000,2
2406,227.61749999999995,1558016406000,1125
2407,227.6559,1558016407000,3
2408,227.57887499999998,1558016408000,667
2409,227.52,1558016409000,100
2410,227.61296666666667,1558016410000,3
2411,227.6197,1558016411000,4
2412,227.55,1558016412000,100
2413,227.67,1558016413000,8
2414,227.6315,1558016414000,30
2415,227.635,1558016415000,25
2416,227.6489,1558016416000,7
2417,227.59,1558016417000,100
2418,227.65296666666666,1558016418000,105
2419,227.56100000000004,1558016419000,245
2420,227.55,1558016420000,1100
2421,227.61576666666667,1558016421000,22
2422,227.61,1558016422000,25
2423,227.6699,1558016423000,5
2424,227.56,1558016424000,100
2425,227.5692,1558016425000,4
2426,227.635,1558016426000,60
2427,227.62063333333333,1558016427000,344
2428,227.61,1558016428000,8
2429,227.55142857142854,1558016429000,502
2430,227.52,1558016430000,100
2431,227.6,1558016431000,30
2432,227.6489,1558016432000,6
2433,227.6489,1558016433000,2
2434,227.52,1558016434000,5
2435,227.5765,1558016435000,41
2436,227.54,1558016436000,9
2437,227.63405,1558016437000,3
2438,227.6558,1558016438000,11
2439,227.6107,1558016439000,25
2440,227.55,1558016440000,10
2441,227.53,1558016441000,100
2442,227.6558,1558016442000,18
2443,227.595,1558016443000,2
2444,227.67,1558016444000,1
2445,227.595,1558016445000,150
2446,227.60555,1558016446000,11
2447,227.6545,1558016447000,4
2448,227.67,1558016448000,200
2449,227.68341355932213,1558016449000,4155
2450,227.65498333333355,1558016450000,5883
2451,227.59464285714293,1558016451000,1469
2452,227.63055,1558016452000,105
2453,227.6208333333333,1558016453000,186
2454,227.68,1558016454000,4
2455,227.60725,1558016455000,165
2456,227.54514999999998,1558016456000,59
2457,227.6799,1558016457000,500
2458,227.6,1558016458000,3
2459,227.68,1558016459000,4
2460,227.5679,1558016460000,100
2461,227.62045,1558016461000,114
2462,227.6061,1558016462000,3
2463,227.58776666666665,1558016463000,5
2464,227.65,1558016464000,5
2465,227.65,1558016465000,1
2466,227.65,1558016466000,4
2467,227.60000000000002,1558016467000,6
2468,227.53003333333334,1558016468000,107
2469,227.6031,1558016469000,20
2470,227.537,1558016470000,302
2471,227.63,1558016471000,2
2472,227.65,1558016472000,5
2473,227.54,1558016473000,5
2474,227.5666666666667,1558016474000,25
2475,227.57996666666668,1558016475000,526
2476,227.603,1558016476000,40
2477,227.50377111111112,1558016477000,2964
2478,227.5703,1558016478000,1
2479,227.54,1558016479000,106
2480,227.47317142857142,1558016480000,1517
2481,227.5324,1558016481000,10
2482,227.494,1558016482000,309
2483,227.5349,1558016483000,11
2484,227.5402,1558016484000,10
2485,227.51605,1558016485000,215
2486,227.47000000000003,1558016486000,301
2487,227.41677777777778,1558016487000,967
2488,227.3519473684211,1558016488000,6002
2489,227.42112222222224,1558016489000,478
2490,227.4246333333333,1558016490000,74
2491,227.31,1558016491000,100
2492,227.4,1558016492000,6
2493,227.31467368421056,1558016493000,1038
2494,227.34833333333333,1558016494000,202
2495,227.3903,1558016495000,97
2496,227.399,1558016496000,50
2497,227.35444999999999,1558016497000,40
2498,227.35086666666666,1558016498000,1200
2499,227.32765,1558016499000,1922
2500,227.3884,1558016500000,8
2501,227.37859499999996,1558016501000,1549
2502,227.28884615384615,1558016502000,864
2503,227.3253,1558016503000,38
2504,227.2790230769231,1558016504000,726
2505,227.34,1558016505000,1
2506,227.312,1558016506000,167
2507,227.28813333333332,1558016507000,332
2508,227.31165238095235,1558016508000,2243
2509,227.33929166666664,1558016509000,2407
2510,227.27237200000002,1558016510000,8524
2511,227.2521111111111,1558016511000,833
2512,227.27875,1558016512000,415
2513,227.265,1558016513000,200
2514,227.30571428571426,1558016514000,1440
2515,227.2927,1558016515000,2
2516,227.26836666666668,1558016516000,371
2517,227.25356666666667,1558016517000,300
2518,227.2798,1558016518000,25
2519,227.24,1558016519000,100
2520,227.24,1558016520000,200
2521,227.2292857142857,1558016521000,1994
2522,227.32363333333333,1558016522000,413
2523,227.20166666666663,1558016523000,2126
2524,227.21499999999997,1558016524000,224
2525,227.20224285714286,1558016525000,527
2526,227.15250000000003,1558016526000,349
2527,227.13524999999996,1558016527000,66
2528,227.12765294117645,1558016528000,904
2529,227.1731,1558016529000,36
2530,227.139925,1558016530000,283
2531,227.15785714285715,1558016531000,450
2532,227.16,1558016532000,1001
2533,227.16,1558016533000,200
2534,227.1636,1558016534000,100
2535,227.14628205128204,1558016535000,2513
2536,227.14212499999994,1558016536000,3626
2537,227.15,1558016537000,300
2538,227.1305,1558016538000,1
2539,227.14706666666666,1558016539000,62
2540,227.158,1558016540000,410
2541,227.17333333333332,1558016541000,12
2542,227.1252235294118,1558016542000,842
2543,227.14790000000002,1558016543000,217
2544,227.14,1558016544000,100
2545,227.14545,1558016545000,222
2546,227.10427857142864,1558016546000,2479
2547,227.14614999999998,1558016547000,114
2548,227.1999,1558016548000,4
2549,227.13333333333333,1558016549000,68
2550,227.16096666666667,1558016550000,59
2551,227.122,1558016551000,99
2552,227.18,1558016552000,1
2553,227.118625,1558016553000,230
2554,227.108325,1558016554000,140
2555,227.11,1558016555000,189
2556,227.11022222222215,1558016556000,3624
2557,227.119775,1558016557000,193
2558,227.12166666666667,1558016558000,585
2559,227.11,1558016559000,210
2560,227.11011999999997,1558016560000,1002
2561,227.1314857142857,1558016561000,195
2562,227.1602,1558016562000,1
2563,227.1602,1558016563000,10
2564,227.1602,1558016564000,25
2565,227.1171,1558016565000,223
2566,227.135,1558016566000,14
2567,227.1575,1558016567000,101
2568,227.09428095238093,1558016568000,2162
2569,227.0692,1558016569000,400
2570,227.09452499999998,1558016570000,760
2571,227.1,1558016571000,5
2572,227.12,1558016572000,118
2573,227.09278571428572,1558016573000,500
2574,227.12833333333333,1558016574000,400
2575,227.0930869565218,1558016575000,2236
2576,227.1054142857142,1558016576000,1384
2577,227.11125,1558016577000,1804
2578,227.11406249999996,1558016578000,1084
2579,227.09,1558016579000,140
2580,227.09272727272727,1558016580000,769
2581,227.10267605633803,1558016581000,3987
2582,227.09219999999996,1558016582000,944
2583,227.105,1558016583000,100
2584,227.09800000000004,1558016584000,1192
2585,227.08214285714286,1558016585000,375
2586,227.05515151515164,1558016586000,3677
2587,227.06527777777785,1558016587000,2044
2588,227.05999999999997,1558016588000,375
2589,227.075,1558016589000,127
2590,227.07687500000006,1558016590000,2748
2591,227.07666666666668,1558016591000,38
2592,227.09147142857137,1558016592000,649
2593,227.0710333333333,1558016593000,217
2594,227.075,1558016594000,100
2595,227.06002727272724,1558016595000,2471
2596,227.02876111111115,1558016596000,5204
2597,226.96453893442612,1558016597000,17786
2598,226.802975,1558016598000,95
2599,226.83624799999998,1558016599000,941
2600,226.8374,1558016600000,250
2601,226.832,1558016601000,50
2602,226.87,1558016602000,1
2603,226.83166666666668,1558016603000,151
2604,226.8528666666667,1558016604000,255
2605,226.90448387096777,1558016605000,1198
2606,226.931375,1558016606000,80
2607,226.967825,1558016607000,262
2608,226.97994999999997,1558016608000,11
2609,226.9374285714286,1558016609000,442
2610,226.8921,1558016610000,10
2611,226.9799,1558016611000,5
2612,226.99809047619047,1558016612000,4084
2613,226.99956923076923,1558016613000,1606
2614,227.049,1558016614000,200
2615,227.005,1558016615000,100
2616,227.0312,1558016616000,15
2617,227.0,1558016617000,1
2618,227.04950000000002,1558016618000,65
2619,227.01076923076926,1558016619000,814
2620,227.01913809523813,1558016620000,4577
2621,226.88855555555557,1558016621000,649
2622,226.9599,1558016622000,1
2623,226.94,1558016623000,109
2624,226.9645,1558016624000,121
2625,226.93393333333333,1558016625000,850
2626,226.9699,1558016626000,10
2627,226.93099999999998,1558016627000,400
2628,226.88674444444445,1558016628000,1020
2629,226.91616249999998,1558016629000,1151
2630,226.89641999999998,1558016630000,1646
2631,226.8842857142857,1558016631000,131
2632,226.9076,1558016632000,205
2633,226.82784594594597,1558016633000,2745
2634,226.8384,1558016634000,241
2635,226.78,1558016635000,3
2636,226.8545,1558016636000,271
2637,226.9179,1558016637000,37
2638,226.7901,1558016638000,5
2639,226.9,1558016639000,2
2640,226.86,1558016640000,750
2641,226.93,1558016641000,2
2642,226.9413,1558016642000,475
2643,226.9223903225807,1558016643000,1724
2644,226.91285714285712,1558016644000,1057
2645,226.91906666666668,1558016645000,1081
2646,226.89945,1558016646000,108
2647,226.9282,1558016647000,518
2648,226.82875,1558016648000,1000
2649,226.9085,1558016649000,7
2650,226.8987833333333,1558016650000,930
2651,226.885,1558016651000,110
2652,226.9402,1558016652000,900
2653,226.9699,1558016653000,1
2654,226.948025,1558016654000,150
2655,226.91888,1558016655000,314
2656,226.90656666666666,1558016656000,263
2657,226.91500000000002,1558016657000,60
2658,226.9271931034482,1558016658000,1852
2659,226.9455,1558016659000,1
2660,226.8745,1558016660000,1
2661,226.92857142857147,1558016661000,114
2662,226.9391,1558016662000,335
2663,226.95596666666665,1558016663000,653
2664,226.9149,1558016664000,20
2665,226.9,1558016665000,3
2666,226.99,1558016666000,1
2667,226.94,1558016667000,100
2668,226.965,1558016668000,300
2669,226.94266666666667,1558016669000,128
2670,226.992,1558016670000,1978
2671,227.03,1558016671000,41
2672,227.0025,1558016672000,115
2673,227.03820800000003,1558016673000,2489
2674,227.04999999999998,1558016674000,81
2675,226.91313999999988,1558016675000,2660
2676,226.935,1558016676000,500
2677,226.9422,1558016677000,50
2678,226.94,1558016678000,60
2679,226.9912,1558016679000,5
2680,226.96744999999999,1558016680000,109
2681,226.9912,1558016681000,1
2682,226.96298000000002,1558016682000,118
2683,227.01,1558016683000,10
2684,227.01363636363632,1558016684000,1877
2685,227.003,1558016685000,51
2686,226.8719,1558016686000,1
2687,227.04245,1558016687000,100
2688,227.0101,1558016688000,68
2689,226.98941999999997,1558016689000,422
2690,227.0084,1558016690000,2
2691,227.00833333333333,1558016691000,313
2692,227.06085,1558016692000,406
2693,227.0891,1558016693000,5
2694,227.05,1558016694000,200
2695,227.05,1558016695000,44
2696,227.03,1558016696000,9
2697,227.0556,1558016697000,322
2698,227.06,1558016698000,122
2699,227.04995,1558016699000,102
2700,227.07989999999998,1558016700000,37
2701,227.05043333333333,1558016701000,115
2702,227.0842,1558016702000,6
2703,227.02492307692307,1558016703000,549
2704,227.0629,1558016704000,101
2705,227.09,1558016705000,2
2706,227.08,1558016706000,18
2707,227.08666428571433,1558016707000,3656
2708,227.11497500000002,1558016708000,241
2709,227.1049,1558016709000,6
2710,227.1784615384615,1558016710000,2367
2711,227.1588444444445,1558016711000,689
2712,227.11495000000002,1558016712000,6
2713,227.14,1558016713000,100
2714,227.11,1558016714000,1000
2715,227.09,1558016715000,10
2716,227.0305666666667,1558016716000,608
2717,226.93666666666664,1558016717000,311
2718,227.0299,1558016718000,1
2719,226.96784285714284,1558016719000,208
2720,226.915,1558016720000,601
2721,226.89,1558016721000,2
2722,226.94985,1558016722000,4
2723,227.015,1558016723000,23
2724,227.00485,1558016724000,5
2725,226.941,1558016725000,16
2726,226.852,1558016726000,114
2727,226.88469999999998,1558016727000,225
2728,226.7481019108283,1558016728000,10476
2729,226.70631250000002,1558016729000,721
2730,226.772625,1558016730000,638
2731,226.83535,1558016731000,201
2732,226.84,1558016732000,5
2733,226.8343,1558016733000,433
2734,226.81000000000003,1558016734000,15
2735,226.815,1558016735000,400
2736,226.7542,1558016736000,2
2737,226.81,1558016737000,2
2738,226.7625,1558016738000,484
2739,226.798325,1558016739000,154
2740,226.735,1558016740000,60
2741,226.7967,1558016741000,19
2742,226.81000000000003,1558016742000,13
2743,226.72,1558016743000,100
2744,226.69758571428568,1558016744000,1345
2745,226.6692416666666,1558016745000,1681
2746,226.72982000000002,1558016746000,856
2747,226.72875,1558016747000,1000
2748,226.7155,1558016748000,605
2749,226.75166666666667,1558016749000,210
2750,226.74748888888888,1558016750000,1605
2751,226.74666666666667,1558016751000,106
2752,226.74830000000003,1558016752000,329
2753,226.73391250000003,1558016753000,3410
2754,226.7566,1558016754000,371
2755,226.74090000000007,1558016755000,1030
2756,226.75356666666667,1558016756000,105
2757,226.745,1558016757000,803
2758,226.75125000000003,1558016758000,804
2759,226.68657894736842,1558016759000,1128
2760,226.68248333333335,1558016760000,405
2761,226.7631,1558016761000,1312
2762,226.77747499999998,1558016762000,411
2763,226.76,1558016763000,200
2764,226.765,1558016764000,251
2765,226.79,1558016765000,36
2766,226.7752,1558016766000,1051
2767,226.7781,1558016767000,15
2768,226.75396206896556,1558016768000,2048
2769,226.76799,1558016769000,640
2770,226.76601666666667,1558016770000,630
2771,226.75506000000001,1558016771000,321
2772,226.765975,1558016772000,207
2773,226.8,1558016773000,5
2774,226.72648400000006,1558016774000,1549
2775,226.72750000000002,1558016775000,315
2776,226.69875000000002,1558016776000,412
2777,226.66748750000002,1558016777000,401
2778,226.70223333333334,1558016778000,12
2779,226.65706363636363,1558016779000,1015
2780,226.64301818181818,1558016780000,338
2781,226.59041388888897,1558016781000,1474
2782,226.563,1558016782000,119
2783,226.54803636363638,1558016783000,2202
2784,226.5938833333333,1558016784000,301
2785,226.5169133333334,1558016785000,2650
2786,226.59,1558016786000,3
2787,226.57666666666668,1558016787000,210
2788,226.52786666666665,1558016788000,53
2789,226.56865,1558016789000,459
2790,226.61251923076924,1558016790000,2632
2791,226.62798000000004,1558016791000,378
2792,226.60626249999996,1558016792000,604
2793,226.58125,1558016793000,206
2794,226.5550333333333,1558016794000,354
2795,226.58850666666663,1558016795000,1351
2796,226.5311764705882,1558016796000,774
2797,226.5311764705882,1558016797000,25432
2798,226.5311764705882,1558016798000,569
2799,226.5311764705882,1558016799000,227
2800,226.5311764705882,1558016800000,4595
2801,226.5311764705882,1558016801000,274
2802,226.5311764705882,1558016802000,2154
2803,226.5311764705882,1558016803000,200
2804,226.5311764705882,1558016804000,25
2805,226.5311764705882,1558016805000,1623
2806,226.5311764705882,1558016806000,1693
2807,226.5311764705882,1558016807000,101
2808,226.5311764705882,1558016808000,4
2809,226.5311764705882,1558016809000,1059
2810,226.5311764705882,1558016810000,5
2811,226.5311764705882,1558016811000,652
2812,226.5311764705882,1558016812000,245
2813,226.5311764705882,1558016813000,242
2814,226.5311764705882,1558016814000,85
2815,226.5311764705882,1558016815000,200
2816,226.5311764705882,1558016816000,1
2817,226.5311764705882,1558016817000,5
2818,226.5311764705882,1558016818000,100
2819,226.5311764705882,1558016819000,90
2820,226.5311764705882,1558016820000,100
2821,226.5311764705882,1558016821000,300
2822,226.5311764705882,1558016822000,1301
2823,226.5311764705882,1558016823000,179
2824,226.5311764705882,1558016824000,210
2825,226.5311764705882,1558016825000,30
2826,226.5311764705882,1558016826000,912
2827,226.5311764705882,1558016827000,267
2828,226.5311764705882,1558016828000,50
2829,226.5311764705882,1558016829000,2
2830,226.5311764705882,1558016830000,772
2831,226.5311764705882,1558016831000,50
2832,226.5311764705882,1558016832000,566
