,price,unix_time,volume
0,139.01318181818183,1562938800000,2447
1,139.04142857142855,1562938801000,614
2,139.04999999999998,1562938802000,383
3,139.0617,1562938803000,1155
4,139.065,1562938804000,1000
5,139.07094999999998,1562938805000,250
6,139.0775,1562938806000,4046
7,139.06998461538458,1562938807000,1677
8,139.0852272727273,1562938808000,4857
9,139.08130434782606,1562938809000,2630
10,139.07083333333333,1562938810000,251
11,139.0673791666667,1562938811000,2223
12,139.07334285714285,1562938812000,3010
13,139.06858571428572,1562938813000,687
14,139.05894736842106,1562938814000,1010
15,139.05891333333332,1562938815000,3732
16,139.0617647058823,1562938816000,1506
17,139.07255555555554,1562938817000,749
18,139.08,1562938818000,52
19,139.07999999999998,1562938819000,789
20,139.07625000000002,1562938820000,68
21,139.0836842105263,1562938821000,1661
22,139.06956470588233,1562938822000,1554
23,139.06089999999998,1562938823000,1774
24,139.0599,1562938824000,260
25,139.06562499999998,1562938825000,1100
26,139.07675,1562938826000,1125
27,139.0857,1562938827000,65
28,139.08005,1562938828000,312
29,139.0876,1562938829000,973
30,139.08868,1562938830000,2805
31,139.09831176470584,1562938831000,1608
32,139.105025,1562938832000,180
33,139.09966666666665,1562938833000,385
34,139.09882,1562938834000,1106
35,139.1,1562938835000,90
36,139.09998333333334,1562938836000,384
37,139.11759500000002,1562938837000,12923
38,139.1181,1562938838000,280
39,139.10399999999996,1562938839000,1053
40,139.0911111111111,1562938840000,752
41,139.0933333333333,1562938841000,1641
42,139.09,1562938842000,262
43,139.09,1562938843000,645
44,139.0883,1562938844000,601
45,139.08180000000002,1562938845000,400
46,139.07160000000002,1562938846000,1252
47,139.07,1562938847000,100
48,139.0685714285714,1562938848000,568
49,139.08999999999997,1562938849000,1226
50,139.09,1562938850000,236
51,139.09224999999998,1562938851000,108
52,139.07666666666668,1562938852000,700
53,139.06933333333333,1562938853000,2188
54,139.06,1562938854000,70
55,139.0621,1562938855000,200
56,139.069,1562938856000,5
57,139.07090714285712,1562938857000,1434
58,139.0795,1562938858000,110
59,139.06799999999998,1562938859000,203
60,139.064225,1562938860000,1202
61,139.06798999999995,1562938861000,941
62,139.06416666666667,1562938862000,1262
63,139.06596666666667,1562938863000,409
64,139.05184999999994,1562938864000,1345
65,139.04125,1562938865000,824
66,139.03374999999997,1562938866000,782
67,139.0114620689656,1562938867000,2934
68,139.01555555555555,1562938868000,638
69,139.01829999999998,1562938869000,37
70,139.01095833333332,1562938870000,772
71,139.01596,1562938871000,229
72,139.0117,1562938872000,1
73,139.0045652173913,1562938873000,1732
74,138.99995454545453,1562938874000,1163
75,139.01,1562938875000,20
76,139.00336666666666,1562938876000,1377
77,139.001125,1562938877000,360
78,138.98810000000003,1562938878000,201
79,138.98743333333334,1562938879000,234
80,138.98250000000002,1562938880000,1303
81,138.98385714285715,1562938881000,588
82,138.99,1562938882000,2
83,138.99214285714285,1562938883000,1430
84,139.00292,1562938884000,571
85,139.01315789473682,1562938885000,1600
86,139.02,1562938886000,480
87,139.03,1562938887000,58
88,139.03,1562938888000,100
89,139.02642857142857,1562938889000,877
90,139.02996666666664,1562938890000,200
91,139.0339533333333,1562938891000,978
92,139.035,1562938892000,7
93,139.02678571428572,1562938893000,271
94,139.02,1562938894000,705
95,139.02475,1562938895000,288
96,139.02,1562938896000,150
97,139.04091666666665,1562938897000,1160
98,139.0422,1562938898000,650
99,139.04,1562938899000,39
100,139.03397999999999,1562938900000,275
101,139.01726666666664,1562938901000,260
102,139.01,1562938902000,800
103,139.0005,1562938903000,176
104,139.0007,1562938904000,5
105,138.99316666666667,1562938905000,1446
106,138.99,1562938906000,100
107,138.99333333333334,1562938907000,503
108,139.0104,1562938908000,117
109,139.01593333333335,1562938909000,112
110,139.01166666666666,1562938910000,306
111,139.01,1562938911000,7
112,139.0038235294118,1562938912000,1414
113,138.99801666666667,1562938913000,258
114,138.9999,1562938914000,180
115,139.01163333333332,1562938915000,218
116,139.011,1562938916000,905
117,139.0125,1562938917000,215
118,139.01,1562938918000,774
119,139.02,1562938919000,200
120,139.02,1562938920000,1100
121,139.035,1562938921000,487
122,139.04790624999998,1562938922000,1660
123,139.0375,1562938923000,60
124,139.0301,1562938924000,45
125,139.0365,1562938925000,6
126,139.02977272727273,1562938926000,660
127,139.02625,1562938927000,503
128,139.022,1562938928000,339
129,139.01997999999998,1562938929000,505
130,139.02,1562938930000,317
131,139.01025,1562938931000,3722
132,139.0,1562938932000,100
133,139.0095,1562938933000,14
134,139.00973243243251,1562938934000,3390
135,139.01014,1562938935000,221
136,139.0067,1562938936000,126
137,139.00783333333334,1562938937000,323
138,138.99713846153847,1562938938000,1213
139,138.99777777777777,1562938939000,754
140,138.99885,1562938940000,246
141,139.0022,1562938941000,100
142,139.0,1562938942000,32
143,139.00079999999997,1562938943000,321
144,138.98552272727272,1562938944000,1003
145,138.988,1562938945000,1138
146,138.97689285714284,1562938946000,1180
147,138.972725,1562938947000,175
148,138.97545833333334,1562938948000,869
149,138.96425000000002,1562938949000,1954
150,138.95280000000002,1562938950000,1603
151,138.9433,1562938951000,450
152,138.95266666666666,1562938952000,2811
153,138.9442105263158,1562938953000,1690
154,138.9499,1562938954000,2
155,138.93764705882353,1562938955000,1405
156,138.93,1562938956000,230
157,138.93,1562938957000,377
158,138.92466,1562938958000,457
159,138.92502,1562938959000,326
160,138.9314,1562938960000,740
161,138.9393875,1562938961000,1789
162,138.94743333333332,1562938962000,229
163,138.95,1562938963000,478
164,138.95856666666668,1562938964000,1129
165,138.9683785714286,1562938965000,1710
166,138.98949591836723,1562938966000,8378
167,138.98785,1562938967000,1033
168,138.98,1562938968000,1415
169,138.9897888888889,1562938969000,1439
170,138.98055555555553,1562938970000,1315
171,138.98,1562938971000,100
172,138.97268000000003,1562938972000,450
173,138.975,1562938973000,9
174,138.96598333333333,1562938974000,5370
175,138.95783333333335,1562938975000,955
176,138.9575,1562938976000,425
177,138.9583230769231,1562938977000,1088
178,138.95891666666668,1562938978000,510
179,138.96125,1562938979000,402
180,138.97357142857143,1562938980000,2800
181,138.98013333333333,1562938981000,460
182,138.9819875,1562938982000,543
183,138.98327999999998,1562938983000,304
184,138.99,1562938984000,200
185,138.97985,1562938985000,1501
186,138.9774833333333,1562938986000,331
187,138.97,1562938987000,790
188,138.97,1562938988000,47
189,138.96,1562938989000,300
190,138.9585818181818,1562938990000,775
191,138.96,1562938991000,100
192,138.95857333333333,1562938992000,1360
193,138.96928888888888,1562938993000,426
194,138.96246000000002,1562938994000,317
195,138.95108108108099,1562938995000,4513
196,138.9594,1562938996000,400
197,138.9535,1562938997000,75
198,138.95833333333334,1562938998000,300
199,138.97,1562938999000,311
200,138.97248333333334,1562939000000,2310
201,138.98146874999998,1562939001000,2705
202,138.97784615384614,1562939002000,1039
203,138.97,1562939003000,100
204,138.9711961538461,1562939004000,2907
205,138.977625,1562939005000,364
206,138.98622941176473,1562939006000,1429
207,138.99419354838702,1562939007000,3800
208,138.99666666666667,1562939008000,236
209,138.9958333333333,1562939009000,916
210,138.99554444444445,1562939010000,757
211,138.99536,1562939011000,258
212,138.9915,1562939012000,50
213,138.96888888888878,1562939013000,3991
214,138.9519702702702,1562939014000,6104
215,138.9699,1562939015000,600
216,138.96685,1562939016000,72
217,138.96,1562939017000,4
218,138.97362857142858,1562939018000,1274
219,138.97752,1562939019000,468
220,138.9692,1562939020000,45
221,138.964,1562939021000,113
222,138.96030526315792,1562939022000,1254
223,138.9565,1562939023000,285
224,138.96991176470587,1562939024000,5206
225,138.98333000000002,1562939025000,1077
226,138.99,1562939026000,401
227,138.9975,1562939027000,113
228,138.99787446808512,1562939028000,4287
229,138.99046666666666,1562939029000,208
230,138.996875,1562939030000,765
231,138.99512352941179,1562939031000,3236
232,138.99900666666665,1562939032000,842
233,138.99202,1562939033000,407
234,138.98909756097555,1562939034000,3824
235,138.97389090909093,1562939035000,1903
236,138.9752578947368,1562939036000,1706
237,138.97407777777778,1562939037000,840
238,138.96608750000001,1562939038000,1608
239,138.9662,1562939039000,510
240,138.97,1562939040000,300
241,138.9633,1562939041000,15
242,138.9709090909091,1562939042000,860
243,138.985,1562939043000,20
244,138.98967391304336,1562939044000,5318
245,138.9907142857143,1562939045000,1756
246,138.96113207547154,1562939046000,14053
247,138.95838095238096,1562939047000,1253
248,138.95409999999993,1562939048000,3992
249,138.95,1562939049000,3
250,138.95850000000002,1562939050000,979
251,138.95383333333334,1562939051000,1150
252,138.9575,1562939052000,550
253,138.96,1562939053000,350
254,138.96,1562939054000,455
255,138.9563,1562939055000,401
256,138.9461785714286,1562939056000,2955
257,138.93250000000003,1562939057000,1513
258,138.92442622950827,1562939058000,6234
259,138.93,1562939059000,100
260,138.93,1562939060000,253
261,138.92014705882355,1562939061000,2251
262,138.91402,1562939062000,276
263,138.910625,1562939063000,1663
264,138.91000000000003,1562939064000,2213
265,138.9185,1562939065000,69
266,138.92,1562939066000,336
267,138.9185,1562939067000,272
268,138.915,1562939068000,111
269,138.91,1562939069000,100
270,138.8966028571429,1562939070000,9027
271,138.87118571428567,1562939071000,1216
272,138.8486253968255,1562939072000,11391
273,138.83266666666668,1562939073000,582
274,138.8295823529412,1562939074000,3223
275,138.81153333333336,1562939075000,654
276,138.81063157894735,1562939076000,4646
277,138.81206249999997,1562939077000,3545
278,138.8099,1562939078000,34
279,138.80198000000001,1562939079000,267
280,138.8029666666667,1562939080000,4192
281,138.7974,1562939081000,9585
282,138.78167894736842,1562939082000,3427
283,138.77918125,1562939083000,2317
284,138.772,1562939084000,3000
285,138.7775,1562939085000,30
286,138.775,1562939086000,150
287,138.7737,1562939087000,3000
288,138.7712625,1562939088000,639
289,138.7717,1562939089000,502
290,138.77622000000002,1562939090000,484
291,138.771,1562939091000,5
292,138.78028333333336,1562939092000,4811
293,138.77718651685427,1562939093000,9201
294,138.78444444444443,1562939094000,1227
295,138.78,1562939095000,41
296,138.7679521739131,1562939096000,2180
297,138.75557777777786,1562939097000,5415
298,138.77240000000006,1562939098000,3390
299,138.78736666666666,1562939099000,438
300,138.7804407894737,1562939100000,10715
301,138.7717125,1562939101000,4649
302,138.78573888888894,1562939102000,3829
303,138.7752,1562939103000,21
304,138.8099,1562939104000,200
305,138.80256666666665,1562939105000,226
306,138.81377608695647,1562939106000,6013
307,138.82835,1562939107000,832
308,138.83835714285715,1562939108000,1298
309,138.83113333333336,1562939109000,126
310,138.84,1562939110000,100
311,138.84,1562939111000,78
312,138.835,1562939112000,1
313,138.8367842105263,1562939113000,1724
314,138.85,1562939114000,300
315,138.85181818181817,1562939115000,1375
316,138.869525,1562939116000,801
317,138.88165,1562939117000,570
318,138.882,1562939118000,5000
319,138.88354999999999,1562939119000,402
320,138.88406,1562939120000,1215
321,138.885,1562939121000,2
322,138.88566666666665,1562939122000,335
323,138.885,1562939123000,400
324,138.87315789473686,1562939124000,1461
325,138.865,1562939125000,1
326,138.865,1562939126000,200
327,138.86406,1562939127000,101
328,138.865,1562939128000,150
329,138.87,1562939129000,300
330,138.87066666666664,1562939130000,6407
331,138.87587499999998,1562939131000,1105
332,138.8799,1562939132000,4
333,138.862625,1562939133000,206
334,138.865125,1562939134000,795
335,138.8664,1562939135000,5
336,138.86,1562939136000,307
337,138.8569125,1562939137000,1404
338,138.8589166666667,1562939138000,388
339,138.85127500000002,1562939139000,211
340,138.85,1562939140000,100
341,138.86,1562939141000,9
342,138.85,1562939142000,61
343,138.8578,1562939143000,201
344,138.8599,1562939144000,60
345,138.8467375,1562939145000,1775
346,138.82959444444444,1562939146000,1041
347,138.8302,1562939147000,60
348,138.8314285714286,1562939148000,668
349,138.83995,1562939149000,25
350,138.83,1562939150000,200
351,138.84369999999996,1562939151000,2792
352,138.855,1562939152000,14
353,138.85725000000002,1562939153000,140
354,138.85916666666665,1562939154000,1000
355,138.86802222222224,1562939155000,5334
356,138.88228333333333,1562939156000,504
357,138.88,1562939157000,133
358,138.89128,1562939158000,250
359,138.88258125,1562939159000,1925
360,138.8672588235294,1562939160000,1630
361,138.88585,1562939161000,16
362,138.89104285714285,1562939162000,999
363,138.89,1562939163000,100
364,138.892025,1562939164000,140
365,138.9,1562939165000,100
366,138.90129736842107,1562939166000,4526
367,138.88,1562939167000,500
368,138.8799,1562939168000,14
369,138.875,1562939169000,100
370,138.88,1562939170000,881
371,138.89,1562939171000,137
372,138.89299999999997,1562939172000,1477
373,138.893,1562939173000,219
374,138.9,1562939174000,100
375,138.90449999999998,1562939175000,149
376,138.91,1562939176000,204
377,138.90666666666667,1562939177000,101
378,138.90973636363637,1562939178000,1103
379,138.90884,1562939179000,598
380,138.91,1562939180000,8
381,138.905,1562939181000,100
382,138.9,1562939182000,6
383,138.89600000000004,1562939183000,1085
384,138.89222142857142,1562939184000,932
385,138.90329999999997,1562939185000,75
386,138.9,1562939186000,502
387,138.90166666666667,1562939187000,208
388,138.91,1562939188000,2700
389,138.9,1562939189000,100
390,138.912475,1562939190000,291
391,138.9165,1562939191000,50
392,138.9175,1562939192000,188
393,138.91366666666667,1562939193000,270
394,138.91979166666673,1562939194000,2610
395,138.9152,1562939195000,313
396,138.9175,1562939196000,219
397,138.91745,1562939197000,207
398,138.915,1562939198000,1220
399,138.91692307692307,1562939199000,1828
400,138.91033333333328,1562939200000,2406
401,138.92,1562939201000,2
402,138.92,1562939202000,600
403,138.9299,1562939203000,1
404,138.92977142857146,1562939204000,4883
405,138.932475,1562939205000,205
406,138.93000000000004,1562939206000,1011
407,138.93,1562939207000,29
408,138.925,1562939208000,29
409,138.9151388888889,1562939209000,1898
410,138.9112857142857,1562939210000,750
411,138.90371,1562939211000,1627
412,138.89845,1562939212000,81
413,138.88611428571429,1562939213000,4367
414,138.88660999999996,1562939214000,493
415,138.89195999999998,1562939215000,214
416,138.9,1562939216000,400
417,138.88500000000005,1562939217000,1207
418,138.86600000000004,1562939218000,602
419,138.85983684210532,1562939219000,2033
420,138.86,1562939220000,167
421,138.8687,1562939221000,647
422,138.8799,1562939222000,1
423,138.8792307692308,1562939223000,1962
424,138.88538,1562939224000,312
425,138.89,1562939225000,100
426,138.87879629629637,1562939226000,5387
427,138.885,1562939227000,108
428,138.8727142857143,1562939228000,809
429,138.87,1562939229000,70
430,138.87,1562939230000,100
431,138.87,1562939231000,180
432,138.85789473684218,1562939232000,2357
433,138.84730000000002,1562939233000,146
434,138.8407111111111,1562939234000,621
435,138.84743333333333,1562939235000,829
436,138.843025,1562939236000,446
437,138.84699999999998,1562939237000,250
438,138.845,1562939238000,100
439,138.84833333333333,1562939239000,123
440,138.85166666666666,1562939240000,479
441,138.85525,1562939241000,340
442,138.85203181818176,1562939242000,2002
443,138.8376166666667,1562939243000,212
444,138.835,1562939244000,100
445,138.8295,1562939245000,1301
446,138.82420909090908,1562939246000,980
447,138.82,1562939247000,400
448,138.83,1562939248000,300
449,138.82,1562939249000,100
450,138.8185714285714,1562939250000,542
451,138.81415714285714,1562939251000,92
452,138.8133,1562939252000,120
453,138.81,1562939253000,100
454,138.81,1562939254000,200
455,138.80790000000002,1562939255000,916
456,138.8062777777778,1562939256000,1398
457,138.80833333333334,1562939257000,300
458,138.80928571428572,1562939258000,694
459,138.81,1562939259000,23
460,138.80124999999998,1562939260000,274
461,138.8033,1562939261000,126
462,138.80605,1562939262000,1055
463,138.8075,1562939263000,18
464,138.80915714285712,1562939264000,1524
465,138.80089428571435,1562939265000,2371
466,138.79999999999998,1562939266000,762
467,138.80227142857143,1562939267000,407
468,138.79,1562939268000,100
469,138.802,1562939269000,607
470,138.80780000000001,1562939270000,795
471,138.805,1562939271000,101
472,138.81,1562939272000,4
473,138.805,1562939273000,7
474,138.81166666666664,1562939274000,427
475,138.82,1562939275000,90
476,138.8222222222222,1562939276000,750
477,138.82,1562939277000,86
478,138.8233,1562939278000,214
479,138.82806666666667,1562939279000,110
480,138.8283,1562939280000,100
481,138.825,1562939281000,2
482,138.82415,1562939282000,330
483,138.8217,1562939283000,1165
484,138.82172413793106,1562939284000,1253
485,138.81666666666663,1562939285000,710
486,138.82833333333335,1562939286000,205
487,138.84275882352938,1562939287000,1627
488,138.84311666666667,1562939288000,133
489,138.83981666666665,1562939289000,1331
490,138.82500000000002,1562939290000,738
491,138.83247500000002,1562939291000,404
492,138.81887777777777,1562939292000,727
493,138.8280875,1562939293000,399
494,138.82612903225808,1562939294000,2748
495,138.82162,1562939295000,900
496,138.82916666666668,1562939296000,1016
497,138.83928571428572,1562939297000,602
498,138.84,1562939298000,741
499,138.83771666666664,1562939299000,803
500,138.83403333333334,1562939300000,127
501,138.8214285714286,1562939301000,2353
502,138.84,1562939302000,100
503,138.8326,1562939303000,899
504,138.825,1562939304000,120
505,138.82379999999998,1562939305000,235
506,138.83499999999998,1562939306000,1303
507,138.85,1562939307000,300
508,138.8467,1562939308000,446
509,138.85,1562939309000,100
510,138.855,1562939310000,3
511,138.85909090909092,1562939311000,700
512,138.85,1562939312000,100
513,138.8559,1562939313000,80
514,138.8655263157895,1562939314000,1519
515,138.872,1562939315000,302
516,138.87225,1562939316000,122
517,138.8712,1562939317000,500
518,138.88,1562939318000,2
519,138.88366666666664,1562939319000,316
520,138.8867,1562939320000,3
521,138.89486666666667,1562939321000,260
522,138.8957142857143,1562939322000,511
523,138.89,1562939323000,13
524,138.89042916666656,1562939324000,1746
525,138.89606923076926,1562939325000,1152
526,138.91719375000002,1562939326000,1104
527,138.91032,1562939327000,900
528,138.9081,1562939328000,900
529,138.9,1562939329000,100
530,138.905,1562939330000,300
531,138.91,1562939331000,100
532,138.91,1562939332000,100
533,138.91500000000002,1562939333000,262
534,138.92,1562939334000,100
535,138.925,1562939335000,6
536,138.93042,1562939336000,283
537,138.93434285714284,1562939337000,521
538,138.92986842105267,1562939338000,1450
539,138.92277777777775,1562939339000,773
540,138.93,1562939340000,27
541,138.925,1562939341000,100
542,138.924,1562939342000,1806
543,138.93030000000002,1562939343000,1389
544,138.92459999999997,1562939344000,655
545,138.9074,1562939345000,60
546,138.93155000000002,1562939346000,1010
547,138.91488787878782,1562939347000,3356
548,138.92841666666672,1562939348000,4504
549,138.939,1562939349000,1300
550,138.9497818181818,1562939350000,1534
551,138.95589655172407,1562939351000,2836
552,138.95666666666668,1562939352000,202
553,138.96166666666667,1562939353000,345
554,138.965,1562939354000,300
555,138.9677642857143,1562939355000,1110
556,138.97,1562939356000,795
557,138.96,1562939357000,10
558,138.97,1562939358000,100
559,138.96357142857144,1562939359000,790
560,138.96285714285716,1562939360000,1606
561,138.9879070175437,1562939361000,6260
562,138.9976642105263,1562939362000,10935
563,138.9825,1562939363000,3680
564,138.97334999999998,1562939364000,57
565,138.9775,1562939365000,89
566,138.98083333333332,1562939366000,504
567,138.9764,1562939367000,45
568,138.956219512195,1562939368000,4075
569,138.95,1562939369000,200
570,138.95125,1562939370000,225
571,138.945,1562939371000,100
572,138.94000000000003,1562939372000,3487
573,138.94673333333333,1562939373000,739
574,138.94302,1562939374000,5770
575,138.95,1562939375000,71
576,138.95,1562939376000,46
577,138.95049999999995,1562939377000,2495
578,138.96331538461538,1562939378000,1129
579,138.97505999999998,1562939379000,725
580,138.97615555555555,1562939380000,4688
581,138.96947,1562939381000,950
582,138.964625,1562939382000,560
583,138.95993571428573,1562939383000,1801
584,138.95333333333335,1562939384000,600
585,138.94999999999996,1562939385000,2605
586,138.95527777777775,1562939386000,1478
587,138.95,1562939387000,40
588,138.9525,1562939388000,103
589,138.955,1562939389000,4
590,138.949923076923,1562939390000,4048
591,138.9529,1562939391000,8
592,138.95000000000002,1562939392000,603
593,138.9525,1562939393000,120
594,138.95638333333338,1562939394000,462
595,138.95909090909092,1562939395000,250
596,138.9635777777778,1562939396000,431
597,138.965,1562939397000,100
598,138.97,1562939398000,1019
599,138.96949,1562939399000,730
600,138.977,1562939400000,184
601,138.9796875,1562939401000,2064
602,138.9770818181818,1562939402000,1023
603,138.9664285714286,1562939403000,1129
604,138.96,1562939404000,100
605,138.96,1562939405000,100
606,138.9505157894737,1562939406000,1493
607,138.945,1562939407000,30
608,138.94580000000002,1562939408000,109
609,138.94109117647056,1562939409000,5779
610,138.94294117647064,1562939410000,1739
611,138.94522,1562939411000,806
612,138.94208333333336,1562939412000,1503
613,138.94,1562939413000,200
614,138.94030000000004,1562939414000,2205
615,138.9409322033897,1562939415000,5848
616,138.94379999999998,1562939416000,2206
617,138.94666666666666,1562939417000,425
618,138.94454545454548,1562939418000,1225
619,138.95431818181817,1562939419000,2269
620,138.9790909090909,1562939420000,1200
621,138.9718,1562939421000,304
622,138.9749,1562939422000,24
623,138.97855714285714,1562939423000,511
624,138.9799,1562939424000,11
625,138.9765,1562939425000,300
626,138.9789,1562939426000,2667
627,138.975,1562939427000,30
628,138.9733,1562939428000,44
629,138.98,1562939429000,400
630,138.9875,1562939430000,200
631,138.98,1562939431000,100
632,138.98,1562939432000,1751
633,138.97199999999998,1562939433000,208
634,138.975,1562939434000,320
635,138.97,1562939435000,806
636,138.95018000000002,1562939436000,829
637,138.94833333333335,1562939437000,816
638,138.96,1562939438000,1
639,138.96,1562939439000,100
640,138.96,1562939440000,100
641,138.95770000000002,1562939441000,840
642,138.96833333333333,1562939442000,300
643,138.965,1562939443000,2
644,138.9518181818182,1562939444000,580
645,138.95135,1562939445000,282
646,138.95222222222225,1562939446000,1600
647,138.95,1562939447000,81
648,138.9545,1562939448000,1269
649,138.95349000000004,1562939449000,1100
650,138.96,1562939450000,300
651,138.94687499999984,1562939451000,3356
652,138.94003333333336,1562939452000,1294
653,138.94078800000003,1562939453000,3497
654,138.94,1562939454000,15
655,138.9495,1562939455000,901
656,138.96,1562939456000,100
657,138.96,1562939457000,1490
658,138.95929230769232,1562939458000,1719
659,138.95266666666666,1562939459000,1066
660,138.9599,1562939460000,200
661,138.959,1562939461000,50
662,138.95,1562939462000,100
663,138.955,1562939463000,19
664,138.955,1562939464000,100
665,138.955,1562939465000,202
666,138.96,1562939466000,300
667,138.955,1562939467000,100
668,138.95542,1562939468000,630
669,138.96,1562939469000,1206
670,138.96840000000003,1562939470000,1042
671,138.97255,1562939471000,304
672,138.975,1562939472000,3
673,138.97,1562939473000,100
674,138.98165,1562939474000,322
675,138.98,1562939475000,100
676,138.98,1562939476000,700
677,138.97875625,1562939477000,3100
678,138.98,1562939478000,301
679,138.9776923076923,1562939479000,1058
680,138.97278888888889,1562939480000,650
681,138.96333333333334,1562939481000,797
682,138.9680263157894,1562939482000,4100
683,138.98,1562939483000,100
684,138.975,1562939484000,700
685,138.97050000000002,1562939485000,2796
686,138.951,1562939486000,203
687,138.9554,1562939487000,250
688,138.95,1562939488000,493
689,138.94899999999998,1562939489000,500
690,138.95833333333334,1562939490000,300
691,138.955,1562939491000,5
692,138.95315,1562939492000,55
693,138.94409090909093,1562939493000,1055
694,138.9488818181818,1562939494000,1095
695,138.9454,1562939495000,701
696,138.945,1562939496000,2
697,138.945,1562939497000,13
698,138.94333333333336,1562939498000,848
699,138.94,1562939499000,100
700,138.9398514705882,1562939500000,7029
701,138.9492,1562939501000,7
702,138.945,1562939502000,111
703,138.94819090909093,1562939503000,736
704,138.95416666666668,1562939504000,501
705,138.96475,1562939505000,750
706,138.9675,1562939506000,200
707,138.97082857142857,1562939507000,551
708,138.975,1562939508000,217
709,138.98,1562939509000,300
710,138.98003333333332,1562939510000,1690
711,138.97923636363637,1562939511000,1970
712,138.95636363636382,1562939512000,9148
713,138.94,1562939513000,100
714,138.9466666666667,1562939514000,500
715,138.94011627906966,1562939515000,4853
716,138.9436,1562939516000,290
717,138.9412,1562939517000,300
718,138.95,1562939518000,200
719,138.95,1562939519000,100
720,138.9496666666667,1562939520000,1041
721,138.94135,1562939521000,2718
722,138.955,1562939522000,703
723,138.96,1562939523000,101
724,138.9609125,1562939524000,525
725,138.96785714285716,1562939525000,206
726,138.97117272727272,1562939526000,1415
727,138.98,1562939527000,1
728,138.97050000000002,1562939528000,110
729,138.975,1562939529000,100
730,138.9835777777777,1562939530000,4134
731,138.98396,1562939531000,350
732,138.99,1562939532000,100
733,138.9786428571429,1562939533000,1301
734,138.9711111111111,1562939534000,607
735,138.9635,1562939535000,1738
736,138.96333333333334,1562939536000,300
737,138.97220000000002,1562939537000,730
738,138.9773,1562939538000,496
739,138.98,1562939539000,136
740,138.98515,1562939540000,558
741,138.97312499999998,1562939541000,794
742,138.9690909090909,1562939542000,696
743,138.96766666666667,1562939543000,55
744,138.976,1562939544000,403
745,138.97750000000002,1562939545000,101
746,138.98916666666668,1562939546000,604
747,138.99336666666667,1562939547000,63
748,138.99946250000002,1562939548000,878
749,138.97222033898302,1562939549000,6748
750,138.95346590909108,1562939550000,9270
751,138.96309523809524,1562939551000,5070
752,138.98,1562939552000,200
753,138.97,1562939553000,100
754,138.96384615384616,1562939554000,2136
755,138.96845000000002,1562939555000,283
756,138.96625,1562939556000,350
757,138.96187500000002,1562939557000,602
758,138.96125,1562939558000,1203
759,138.970325,1562939559000,265
760,138.9711,1562939560000,2
761,138.98,1562939561000,1
762,138.98,1562939562000,441
763,138.98,1562939563000,5
764,138.99,1562939564000,10
765,138.985,1562939565000,100
766,138.98004274809128,1562939566000,14317
767,138.98,1562939567000,100
768,138.9899,1562939568000,3
769,138.9801,1562939569000,5
770,138.9899,1562939570000,344
771,138.98857142857145,1562939571000,624
772,138.985,1562939572000,25
773,138.96597031249993,1562939573000,5272
774,138.97244999999998,1562939574000,20
775,138.9661,1562939575000,10
776,138.97,1562939576000,60
777,138.96,1562939577000,100
778,138.963875,1562939578000,332
779,138.97,1562939579000,300
780,138.9639,1562939580000,40
781,138.965,1562939581000,145
782,138.9676,1562939582000,70
783,138.97083333333333,1562939583000,1756
784,138.97255,1562939584000,14
785,138.975,1562939585000,10
786,138.98,1562939586000,100
787,138.97018,1562939587000,5560
788,138.95135294117648,1562939588000,1726
789,138.94375,1562939589000,2000
790,138.94106666666667,1562939590000,275
791,138.95275999999998,1562939591000,733
792,138.9497,1562939592000,1
793,138.93310344827586,1562939593000,1797
794,138.9234,1562939594000,236
795,138.928,1562939595000,103
796,138.9272,1562939596000,29
797,138.925,1562939597000,300
798,138.92676666666668,1562939598000,2297
799,138.925,1562939599000,25
800,138.923,1562939600000,131
801,138.93062500000002,1562939601000,1218
802,138.93,1562939602000,2
803,138.93406666666667,1562939603000,191
804,138.9376,1562939604000,50
805,138.93995000000004,1562939605000,1867
806,138.94125,1562939606000,306
807,138.94563333333335,1562939607000,480
808,138.94166666666666,1562939608000,206
809,138.945,1562939609000,100
810,138.94499999999996,1562939610000,800
811,138.94,1562939611000,100
812,138.94,1562939612000,355
813,138.94003333333333,1562939613000,691
814,138.94,1562939614000,1
815,138.9425,1562939615000,384
816,138.944,1562939616000,100
817,138.945,1562939617000,1525
818,138.9339864864865,1562939618000,6835
819,138.92199999999997,1562939619000,251
820,138.93250000000003,1562939620000,702
821,138.94000000000003,1562939621000,2530
822,138.93,1562939622000,200
823,138.9361,1562939623000,72
824,138.93463333333332,1562939624000,40
825,138.93,1562939625000,100
826,138.9325,1562939626000,200
827,138.9336,1562939627000,660
828,138.9377,1562939628000,28
829,138.94,1562939629000,45
830,138.94,1562939630000,84
831,138.94057692307697,1562939631000,2406
832,138.9375,1562939632000,5
833,138.93,1562939633000,15
834,138.93813684210528,1562939634000,1506
835,138.94,1562939635000,101
836,138.937975,1562939636000,310
837,138.93988333333334,1562939637000,328
838,138.94,1562939638000,100
839,138.93340000000003,1562939639000,1702
840,138.94237142857142,1562939640000,419
841,138.942525,1562939641000,35
842,138.9436,1562939642000,11
843,138.94025000000005,1562939643000,2100
844,138.9297166666667,1562939644000,2550
845,138.93374,1562939645000,781
846,138.9338,1562939646000,20
847,138.9395,1562939647000,19
848,138.9299,1562939648000,1
849,138.9202295454546,1562939649000,5615
850,138.92,1562939650000,100
851,138.92,1562939651000,84
852,138.9227272727273,1562939652000,938
853,138.92,1562939653000,63
854,138.925,1562939654000,100
855,138.9225,1562939655000,10
856,138.92559999999997,1562939656000,10
857,138.92036585365858,1562939657000,4193
858,138.91068965517238,1562939658000,2705
859,138.91825,1562939659000,1800
860,138.9164,1562939660000,3
861,138.914,1562939661000,8
862,138.915,1562939662000,20
863,138.92,1562939663000,1
864,138.92,1562939664000,30
865,138.92,1562939665000,100
866,138.92,1562939666000,61
867,138.92,1562939667000,39
868,138.92,1562939668000,100
869,138.9205,1562939669000,916
870,138.92,1562939670000,100
871,138.91958333333335,1562939671000,2520
872,138.91456666666667,1562939672000,1100
873,138.9175,1562939673000,104
874,138.9175,1562939674000,15
875,138.9199,1562939675000,150
876,138.92,1562939676000,100
877,138.916025,1562939677000,270
878,138.92,1562939678000,220
879,138.92199999999997,1562939679000,1495
880,138.92,1562939680000,203
881,138.89459558823503,1562939681000,16018
882,138.87395806451607,1562939682000,3467
883,138.8763,1562939683000,42
884,138.87,1562939684000,23
885,138.87003333333334,1562939685000,250
886,138.88,1562939686000,100
887,138.87714285714284,1562939687000,1239
888,138.875,1562939688000,5
889,138.8764,1562939689000,35
890,138.87,1562939690000,100
891,138.87,1562939691000,184
892,138.87,1562939692000,10
893,138.86888571428565,1562939693000,3222
894,138.865,1562939694000,13
895,138.865,1562939695000,1
896,138.86180000000002,1562939696000,358
897,138.865,1562939697000,300
898,138.86,1562939698000,25
899,138.865,1562939699000,5
900,138.8785714285714,1562939700000,917
901,138.89099999999996,1562939701000,2526
902,138.89333333333332,1562939702000,136
903,138.89565,1562939703000,116
904,138.90107142857147,1562939704000,1048
905,138.8967,1562939705000,158
906,138.9,1562939706000,2
907,138.9049,1562939707000,2
908,138.88904347826085,1562939708000,2845
909,138.8951,1562939709000,281
910,138.892,1562939710000,321
911,138.895,1562939711000,10
912,138.90285714285713,1562939712000,411
913,138.90666666666667,1562939713000,300
914,138.91,1562939714000,420
915,138.9127,1562939715000,50
916,138.913,1562939716000,350
917,138.915,1562939717000,3
918,138.924975,1562939718000,345
919,138.93,1562939719000,100
920,138.93,1562939720000,23
921,138.9293,1562939721000,716
922,138.94,1562939722000,122
923,138.94,1562939723000,100
924,138.945,1562939724000,25
925,138.9459,1562939725000,100
926,138.94,1562939726000,100
927,138.94031250000003,1562939727000,2005
928,138.9343,1562939728000,90
929,138.9267916666667,1562939729000,2361
930,138.92031428571428,1562939730000,1470
931,138.925,1562939731000,202
932,138.9123684210526,1562939732000,2030
933,138.90000000000003,1562939733000,1007
934,138.9,1562939734000,6
935,138.8885714285714,1562939735000,1105
936,138.89,1562939736000,2
937,138.89,1562939737000,118
938,138.8938,1562939738000,5
939,138.8999,1562939739000,200
940,138.895,1562939740000,2
941,138.88999999999993,1562939741000,1011
942,138.89036666666667,1562939742000,120
943,138.88999999999996,1562939743000,2609
944,138.894975,1562939744000,189
945,138.898425,1562939745000,562
946,138.8996153846154,1562939746000,743
947,138.9092,1562939747000,5
948,138.905,1562939748000,100
949,138.91,1562939749000,100
950,138.905,1562939750000,175
951,138.91,1562939751000,53
952,138.90295,1562939752000,27
953,138.90045454545455,1562939753000,925
954,138.8961,1562939754000,904
955,138.8897785714285,1562939755000,1348
956,138.885,1562939756000,165
957,138.88503333333333,1562939757000,300
958,138.87787142857147,1562939758000,1435
959,138.8631,1562939759000,274
960,138.85980769230778,1562939760000,6792
961,138.86999,1562939761000,1121
962,138.88,1562939762000,400
963,138.885,1562939763000,1
964,138.88,1562939764000,702
965,138.8868,1562939765000,45
966,138.88,1562939766000,14
967,138.8894444444444,1562939767000,654
968,138.90013333333334,1562939768000,300
969,138.905,1562939769000,100
970,138.90789999999998,1562939770000,49
971,138.90300000000002,1562939771000,55
972,138.9075,1562939772000,208
973,138.91570714285717,1562939773000,1124
974,138.949526923077,1562939774000,6849
975,138.95076666666668,1562939775000,113
976,138.9654545454545,1562939776000,3439
977,138.9754,1562939777000,25
978,138.9769666666667,1562939778000,265
979,138.9701,1562939779000,1
980,138.9699999999999,1562939780000,2677
981,138.96072500000002,1562939781000,2778
982,138.959696969697,1562939782000,3116
983,138.96,1562939783000,1
984,138.95666666666668,1562939784000,156
985,138.9536,1562939785000,30
986,138.96050000000002,1562939786000,841
987,138.96666666666667,1562939787000,22
988,138.9627,1562939788000,100
989,138.965,1562939789000,1
990,138.965,1562939790000,1
991,138.9675,1562939791000,18
992,138.9710307692308,1562939792000,1320
993,138.97166666666666,1562939793000,600
994,138.97875,1562939794000,509
995,138.98250000000002,1562939795000,11
996,138.9808125,1562939796000,586
997,138.98,1562939797000,344
998,138.975,1562939798000,149
999,138.971825,1562939799000,88
1000,138.975,1562939800000,1
1001,138.9725,1562939801000,573
1002,138.98,1562939802000,509
1003,138.97206363636363,1562939803000,428
1004,138.97725,1562939804000,72
1005,138.98,1562939805000,5
1006,138.9775,1562939806000,13
1007,138.9779,1562939807000,100
1008,138.9799,1562939808000,1
1009,138.9766,1562939809000,1000
1010,138.98,1562939810000,10
1011,138.98,1562939811000,2
1012,138.9767,1562939812000,222
1013,138.98071666666667,1562939813000,1036
1014,138.975,1562939814000,100
1015,138.972,1562939815000,100
1016,138.974,1562939816000,47
1017,138.9785,1562939817000,515
1018,138.97647500000002,1562939818000,2433
1019,138.98,1562939819000,390
1020,138.995,1562939820000,1458
1021,138.9934,1562939821000,5218
1022,138.995,1562939822000,20
1023,138.99050000000003,1562939823000,977
1024,138.97563529411767,1562939824000,1627
1025,138.97,1562939825000,100
1026,138.97,1562939826000,100
1027,138.97586666666666,1562939827000,350
1028,138.9734,1562939828000,300
1029,138.97937142857145,1562939829000,310
1030,138.9792857142857,1562939830000,951
1031,138.9774,1562939831000,160
1032,138.98,1562939832000,4
1033,138.97,1562939833000,863
1034,138.97,1562939834000,100
1035,138.97230000000002,1562939835000,200
1036,138.97154999999998,1562939836000,135
1037,138.975,1562939837000,35
1038,138.97978260869567,1562939838000,1765
1039,138.9769,1562939839000,220
1040,138.97125,1562939840000,29
1041,138.975,1562939841000,6
1042,138.97735,1562939842000,203
1043,138.975,1562939843000,295
1044,138.98,1562939844000,85
1045,138.971,1562939845000,250
1046,138.9719,1562939846000,500
1047,138.9735,1562939847000,500
1048,138.97797777777777,1562939848000,1034
1049,138.97,1562939849000,2
1050,138.97125,1562939850000,99
1051,138.9758,1562939851000,355
1052,138.9744,1562939852000,276
1053,138.97333333333333,1562939853000,420
1054,138.975,1562939854000,100
1055,138.97469999999998,1562939855000,410
1056,138.9759,1562939856000,116
1057,138.97737999999998,1562939857000,284
1058,138.9775,1562939858000,113
1059,138.9718055555555,1562939859000,2163
1060,138.971775,1562939860000,1106
1061,138.97856,1562939861000,397
1062,138.9735,1562939862000,50
1063,138.9743,1562939863000,100
1064,138.968,1562939864000,4160
1065,138.9657142857143,1562939865000,1081
1066,138.965,1562939866000,153
1067,138.9625,1562939867000,300
1068,138.96166666666667,1562939868000,201
1069,138.95800000000003,1562939869000,1972
1070,138.96,1562939870000,463
1071,138.955,1562939871000,30
1072,138.95423333333332,1562939872000,55
1073,138.954625,1562939873000,256
1074,138.95786666666666,1562939874000,363
1075,138.9643333333334,1562939875000,3654
1076,138.97,1562939876000,400
1077,138.9730625,1562939877000,697
1078,138.96,1562939878000,2
1079,138.97,1562939879000,26
1080,138.97666666666666,1562939880000,62
1081,138.97,1562939881000,100
1082,138.9756,1562939882000,11
1083,138.9799,1562939883000,20
1084,138.97785714285715,1562939884000,335
1085,138.97820000000002,1562939885000,207
1086,138.9762,1562939886000,13
1087,138.97833333333332,1562939887000,409
1088,138.97875,1562939888000,1852
1089,138.97653846153847,1562939889000,5961
1090,138.97238000000002,1562939890000,745
1091,138.97272727272727,1562939891000,1200
1092,138.97625,1562939892000,379
1093,138.9767,1562939893000,73
1094,138.97269999999997,1562939894000,1086
1095,138.97386666666668,1562939895000,220
1096,138.99222222222215,1562939896000,6641
1097,138.985,1562939897000,300
1098,138.98,1562939898000,400
1099,138.981125,1562939899000,695
1100,138.98,1562939900000,184
1101,138.9875,1562939901000,25
1102,138.98166666666665,1562939902000,3100
1103,138.9976826923077,1562939903000,18305
1104,138.9972727272727,1562939904000,3500
1105,138.985,1562939905000,16
1106,138.98555,1562939906000,125
1107,138.97993928571432,1562939907000,2245
1108,138.97166666666666,1562939908000,420
1109,138.97375,1562939909000,101
1110,138.97189999999998,1562939910000,98
1111,138.97,1562939911000,300
1112,138.97499,1562939912000,905
1113,138.975,1562939913000,115
1114,138.97125,1562939914000,903
1115,138.97243333333333,1562939915000,373
1116,138.96355,1562939916000,2946
1117,138.9548333333333,1562939917000,401
1118,138.9526,1562939918000,910
1119,138.95,1562939919000,100
1120,138.95,1562939920000,2
1121,138.95035714285717,1562939921000,583
1122,138.95427142857145,1562939922000,960
1123,138.95166666666665,1562939923000,250
1124,138.9583,1562939924000,27
1125,138.9561,1562939925000,250
1126,138.96,1562939926000,10
1127,138.95785714285716,1562939927000,869
1128,138.95524,1562939928000,388
1129,138.955,1562939929000,100
1130,138.96,1562939930000,158
1131,138.95783333333335,1562939931000,90
1132,138.95,1562939932000,100
1133,138.95438750000002,1562939933000,501
1134,138.95875,1562939934000,170
1135,138.9571,1562939935000,3249
1136,138.95752000000002,1562939936000,300
1137,138.95523333333335,1562939937000,207
1138,138.95655,1562939938000,149
1139,138.98155070422527,1562939939000,6148
1140,139.0,1562939940000,200
1141,138.99333333333334,1562939941000,500
1142,138.9998,1562939942000,346
1143,138.9932,1562939943000,60
1144,138.99625,1562939944000,4787
1145,138.99865,1562939945000,505
1146,138.97474025974014,1562939946000,7150
1147,138.94161764705896,1562939947000,12568
1148,138.9275,1562939948000,300
1149,138.92228749999998,1562939949000,452
1150,138.92483333333337,1562939950000,1811
1151,138.91333333333333,1562939951000,600
1152,138.90695,1562939952000,687
1153,138.91625,1562939953000,562
1154,138.925,1562939954000,100
1155,138.9225,1562939955000,140
1156,138.91954545454544,1562939956000,1718
1157,138.91993333333335,1562939957000,1145
1158,138.91495,1562939958000,510
1159,138.910606060606,1562939959000,2734
1160,138.9,1562939960000,1
1161,138.8975,1562939961000,5108
1162,138.89749999999998,1562939962000,336
1163,138.8976,1562939963000,30
1164,138.90841578947365,1562939964000,1747
1165,138.9105,1562939965000,907
1166,138.90475,1562939966000,113
1167,138.90200000000002,1562939967000,761
1168,138.90223636363638,1562939968000,750
1169,138.9099,1562939969000,48
1170,138.90258333333333,1562939970000,450
1171,138.9047,1562939971000,100
1172,138.9,1562939972000,100
1173,138.9023,1562939973000,1000
1174,138.90064,1562939974000,633
1175,138.89659090909095,1562939975000,2314
1176,138.88543333333334,1562939976000,155
1177,138.89165,1562939977000,357
1178,138.89666666666665,1562939978000,199
1179,138.89436,1562939979000,1140
1180,138.89600000000002,1562939980000,663
1181,138.90000000000003,1562939981000,344
1182,138.89285882352934,1562939982000,1832
1183,138.8893727272727,1562939983000,1372
1184,138.8871,1562939984000,100
1185,138.89,1562939985000,101
1186,138.88875,1562939986000,349
1187,138.8889636363636,1562939987000,4707
1188,138.89,1562939988000,100
1189,138.89875,1562939989000,301
1190,138.9068333333333,1562939990000,3420
1191,138.92,1562939991000,26
1192,138.92444444444448,1562939992000,866
1193,138.935,1562939993000,1
1194,138.94,1562939994000,100
1195,138.945,1562939995000,106
1196,138.945,1562939996000,4
1197,138.94619999999998,1562939997000,101
1198,138.94000000000003,1562939998000,921
1199,138.93081999999998,1562939999000,600
1200,138.94238750000002,1562940000000,690
1201,138.94503333333333,1562940001000,250
1202,138.95250000000001,1562940002000,323
1203,138.9685,1562940003000,783
1204,138.97,1562940004000,806
1205,138.97575,1562940005000,261
1206,138.9701,1562940006000,15
1207,138.9733,1562940007000,18
1208,138.9698214285714,1562940008000,3385
1209,138.9625,1562940009000,750
1210,138.97,1562940010000,239
1211,138.95813888888887,1562940011000,1362
1212,138.955,1562940012000,2
1213,138.9652631578947,1562940013000,2159
1214,138.97,1562940014000,200
1215,138.96125,1562940015000,204
1216,138.96285,1562940016000,120
1217,138.975,1562940017000,100
1218,138.97435000000002,1562940018000,171
1219,138.9745,1562940019000,422
1220,138.97708333333333,1562940020000,1509
1221,138.9798,1562940021000,200
1222,138.973,1562940022000,205
1223,138.976475,1562940023000,194
1224,138.98262,1562940024000,702
1225,138.99,1562940025000,2482
1226,138.99,1562940026000,701
1227,138.995,1562940027000,1
1228,138.99064285714286,1562940028000,3109
1229,138.99,1562940029000,100
1230,138.98975384615386,1562940030000,1400
1231,138.99,1562940031000,100
1232,138.9893529411765,1562940032000,1645
1233,138.99305555555551,1562940033000,4452
1234,138.99,1562940034000,6
1235,138.987275,1562940035000,500
1236,138.98407500000002,1562940036000,464
1237,138.99033333333333,1562940037000,567
1238,138.99666666666667,1562940038000,342
1239,138.99530000000001,1562940039000,60
1240,138.995,1562940040000,100
1241,138.995,1562940041000,8
1242,138.995,1562940042000,4
1243,138.9999,1562940043000,1
1244,138.995,1562940044000,100
1245,139.0125574712646,1562940045000,12520
1246,139.02033333333333,1562940046000,2550
1247,139.02068620689656,1562940047000,4829
1248,139.03855357142854,1562940048000,3992
1249,139.04375,1562940049000,301
1250,139.03680000000003,1562940050000,2308
1251,139.02861111111113,1562940051000,1801
1252,139.03064285714282,1562940052000,1575
1253,139.031,1562940053000,202
1254,139.0257692307692,1562940054000,3493
1255,139.01571333333334,1562940055000,3479
1256,139.02156470588247,1562940056000,7695
1257,139.02,1562940057000,235
1258,139.03078846153852,1562940058000,2467
1259,139.025,1562940059000,3
1260,139.02931818181818,1562940060000,2757
1261,139.02775,1562940061000,339
1262,139.02973749999998,1562940062000,1600
1263,139.02973333333333,1562940063000,647
1264,139.03145,1562940064000,300
1265,139.03633333333332,1562940065000,990
1266,139.02863636363634,1562940066000,2600
1267,139.02,1562940067000,39
1268,139.0209172413793,1562940068000,2583
1269,139.015,1562940069000,1
1270,139.02065,1562940070000,815
1271,139.02,1562940071000,112
1272,139.02505000000002,1562940072000,510
1273,139.0240476190476,1562940073000,2218
1274,139.02213333333333,1562940074000,393
1275,139.0109615384616,1562940075000,2490
1276,139.00795,1562940076000,553
1277,139.01,1562940077000,313
1278,139.015,1562940078000,50
1279,139.01946428571426,1562940079000,2816
1280,139.02,1562940080000,200
1281,139.0224,1562940081000,500
1282,139.01857142857142,1562940082000,800
1283,139.01166666666666,1562940083000,3344
1284,139.02,1562940084000,200
1285,139.00970588235293,1562940085000,1102
1286,139.02200000000008,1562940086000,8580
1287,139.01875,1562940087000,310
1288,139.01,1562940088000,30
1289,139.00915,1562940089000,104
1290,139.02,1562940090000,2
1291,139.02,1562940091000,200
1292,139.01125,1562940092000,193
1293,139.0122,1562940093000,10
1294,139.015,1562940094000,2
1295,139.01344999999998,1562940095000,90
1296,139.015,1562940096000,259
1297,139.0111625,1562940097000,2526
1298,139.015,1562940098000,10
1299,139.015,1562940099000,100
1300,139.01833333333332,1562940100000,402
1301,139.02,1562940101000,100
1302,139.01624999999999,1562940102000,800
1303,139.015,1562940103000,200
1304,139.01745,1562940104000,759
1305,139.013525,1562940105000,223
1306,139.02,1562940106000,200
1307,139.0256603773584,1562940107000,2174
1308,139.01898,1562940108000,3048
1309,139.028,1562940109000,697
1310,139.02,1562940110000,300
1311,139.025,1562940111000,26
1312,139.03011111111107,1562940112000,4583
1313,139.0290909090909,1562940113000,761
1314,139.03,1562940114000,201
1315,139.03325999999998,1562940115000,314
1316,139.03,1562940116000,50
1317,139.04,1562940117000,61
1318,139.04779999999997,1562940118000,10272
1319,139.07020999999997,1562940119000,1402
1320,139.07,1562940120000,18
1321,139.07948333333334,1562940121000,415
1322,139.07999999999996,1562940122000,3369
1323,139.07999999999998,1562940123000,684
1324,139.08,1562940124000,300
1325,139.08333333333334,1562940125000,478
1326,139.0875,1562940126000,4
1327,139.0797872340425,1562940127000,7237
1328,139.089,1562940128000,1
1329,139.0900000000001,1562940129000,4779
1330,139.098625,1562940130000,635
1331,139.1,1562940131000,2
1332,139.095,1562940132000,5
1333,139.0945,1562940133000,100
1334,139.10000000000002,1562940134000,3775
1335,139.08205789473678,1562940135000,4605
1336,139.08795,1562940136000,52
1337,139.09020588235293,1562940137000,1677
1338,139.10072727272745,1562940138000,6994
1339,139.10425294117644,1562940139000,1605
1340,139.1,1562940140000,781
1341,139.1,1562940141000,805
1342,139.0901,1562940142000,14
1343,139.1,1562940143000,500
1344,139.09900000000002,1562940144000,17
1345,139.0989,1562940145000,37
1346,139.10706153846152,1562940146000,5906
1347,139.1,1562940147000,2
1348,139.1,1562940148000,171
1349,139.09842105263158,1562940149000,2090
1350,139.0836956521739,1562940150000,4242
1351,139.08,1562940151000,265
1352,139.0819,1562940152000,8
1353,139.09,1562940153000,302
1354,139.09415,1562940154000,150
1355,139.08106428571426,1562940155000,841
1356,139.0711,1562940156000,227
1357,139.07,1562940157000,102
1358,139.08020833333333,1562940158000,2048
1359,139.08625,1562940159000,129
1360,139.0758,1562940160000,250
1361,139.07666666666665,1562940161000,102
1362,139.07625000000002,1562940162000,312
1363,139.073825,1562940163000,705
1364,139.07,1562940164000,100
1365,139.07286666666667,1562940165000,65
1366,139.07336666666666,1562940166000,55
1367,139.075,1562940167000,20
1368,139.06838124999996,1562940168000,1003
1369,139.05568421052632,1562940169000,1681
1370,139.0352060606061,1562940170000,2003
1371,139.03,1562940171000,95
1372,139.035,1562940172000,366
1373,139.03375,1562940173000,309
1374,139.04,1562940174000,100
1375,139.0395833333333,1562940175000,1183
1376,139.02982278481014,1562940176000,8826
1377,139.0201,1562940177000,1
1378,139.02,1562940178000,100
1379,139.02,1562940179000,100
1380,139.01833333333335,1562940180000,1784
1381,139.0149,1562940181000,129
1382,139.0277756756757,1562940182000,4330
1383,139.04472857142852,1562940183000,626
1384,139.04296875000003,1562940184000,2653
1385,139.04145,1562940185000,400
1386,139.04787,1562940186000,2514
1387,139.04333333333332,1562940187000,1001
1388,139.0342857142857,1562940188000,701
1389,139.03872499999997,1562940189000,126
1390,139.04,1562940190000,747
1391,139.04071428571427,1562940191000,353
1392,139.0428,1562940192000,606
1393,139.03286470588236,1562940193000,2081
1394,139.025,1562940194000,22
1395,139.0200846153846,1562940195000,700
1396,139.00833333333333,1562940196000,631
1397,139.03104400000004,1562940197000,1686
1398,139.0366333333333,1562940198000,201
1399,139.04,1562940199000,100
1400,139.03954545454545,1562940200000,705
1401,139.03,1562940201000,153
1402,139.0349666666667,1562940202000,1093
1403,139.03,1562940203000,751
1404,139.03,1562940204000,600
1405,139.03142,1562940205000,263
1406,139.0335,1562940206000,10
1407,139.02656249999998,1562940207000,801
1408,139.02746666666667,1562940208000,153
1409,139.025,1562940209000,400
1410,139.02,1562940210000,818
1411,139.01933333333332,1562940211000,1104
1412,139.025,1562940212000,2
1413,139.0238,1562940213000,100
1414,139.024275,1562940214000,111
1415,139.025,1562940215000,205
1416,139.0214,1562940216000,708
1417,139.01,1562940217000,104
1418,139.00636666666668,1562940218000,998
1419,139.0038,1562940219000,100
1420,139.0,1562940220000,265
1421,139.0058,1562940221000,35
1422,139.0041,1562940222000,159
1423,139.01,1562940223000,20
1424,139.0006,1562940224000,139
1425,139.00333333333333,1562940225000,200
1426,139.005,1562940226000,17
1427,139.000625,1562940227000,218
1428,139.0083,1562940228000,600
1429,139.0091379310346,1562940229000,3112
1430,139.01150625000002,1562940230000,1654
1431,139.0116444444444,1562940231000,644
1432,139.0141833333333,1562940232000,700
1433,139.00901,1562940233000,1206
1434,139.005,1562940234000,12
1435,139.0053,1562940235000,400
1436,139.0019,1562940236000,155
1437,139.0,1562940237000,100
1438,139.0008823529412,1562940238000,2238
1439,139.01419354838734,1562940239000,3129
1440,139.01944615384616,1562940240000,978
1441,139.01,1562940241000,120
1442,139.00944444444445,1562940242000,749
1443,139.01,1562940243000,100
1444,139.00147058823526,1562940244000,1884
1445,139.0,1562940245000,100
1446,138.99055555555555,1562940246000,1523
1447,138.9899,1562940247000,500
1448,138.9904181818182,1562940248000,915
1449,138.99841666666666,1562940249000,990
1450,139.0067,1562940250000,180
1451,139.007,1562940251000,29
1452,139.0,1562940252000,100
1453,139.00112857142858,1562940253000,790
1454,138.99382142857144,1562940254000,3084
1455,138.99766666666667,1562940255000,576
1456,138.995,1562940256000,20
1457,138.995,1562940257000,100
1458,139.01655555555556,1562940258000,356
1459,138.98678571428573,1562940259000,575
1460,138.98,1562940260000,1367
1461,138.9727,1562940261000,625
1462,138.974,1562940262000,613
1463,138.98,1562940263000,76
1464,138.98545454545453,1562940264000,728
1465,139.004,1562940265000,4
1466,139.005,1562940266000,17
1467,139.010625,1562940267000,1161
1468,139.02,1562940268000,46
1469,139.02,1562940269000,100
1470,139.02,1562940270000,80
1471,139.01943333333335,1562940271000,412
1472,139.01898,1562940272000,333
1473,139.01806000000002,1562940273000,321
1474,139.02,1562940274000,683
1475,139.0213,1562940275000,15
1476,139.03,1562940276000,34
1477,139.029875,1562940277000,2296
1478,139.02755,1562940278000,691
1479,139.02970000000002,1562940279000,612
1480,139.02724999999998,1562940280000,420
1481,139.03,1562940281000,200
1482,139.0254,1562940282000,10
1483,139.027675,1562940283000,566
1484,139.027,1562940284000,322
1485,139.025,1562940285000,25
1486,139.0225,1562940286000,300
1487,139.025,1562940287000,500
1488,139.025,1562940288000,100
1489,139.0305454545454,1562940289000,5720
1490,139.02865,1562940290000,300
1491,139.0257142857143,1562940291000,1599
1492,139.0268,1562940292000,12
1493,139.0275,1562940293000,102
1494,139.0342857142857,1562940294000,603
1495,139.035,1562940295000,1648
1496,139.03154285714285,1562940296000,532
1497,139.03,1562940297000,100
1498,139.0314125,1562940298000,327
1499,139.02349999999998,1562940299000,2432
1500,139.03,1562940300000,401
1501,139.03666666666666,1562940301000,250
1502,139.04879411764713,1562940302000,1329
1503,139.0467,1562940303000,461
1504,139.04666666666665,1562940304000,900
1505,139.04722222222222,1562940305000,1382
1506,139.0498780487806,1562940306000,4725
1507,139.045,1562940307000,2
1508,139.0402380952381,1562940308000,3972
1509,139.03214285714284,1562940309000,514
1510,139.03385,1562940310000,212
1511,139.033275,1562940311000,390
1512,139.03375000000003,1562940312000,2220
1513,139.03998888888887,1562940313000,4163
1514,139.04892307692305,1562940314000,1205
1515,139.0405,1562940315000,1012
1516,139.05,1562940316000,10
1517,139.05,1562940317000,100
1518,139.05,1562940318000,100
1519,139.04999999999998,1562940319000,1370
1520,139.0481,1562940320000,200
1521,139.04,1562940321000,1606
1522,139.03666666666666,1562940322000,115
1523,139.04,1562940323000,200
1524,139.04055555555553,1562940324000,1010
1525,139.05,1562940325000,37
1526,139.04,1562940326000,100
1527,139.041,1562940327000,71
1528,139.045,1562940328000,150
1529,139.04875,1562940329000,214
1530,139.04999999999998,1562940330000,607
1531,139.04762999999997,1562940331000,1866
1532,139.0446,1562940332000,28
1533,139.055,1562940333000,300
1534,139.045,1562940334000,1000
1535,139.04582,1562940335000,1073
1536,139.04905,1562940336000,1000
1537,139.04931428571425,1562940337000,1058
1538,139.04666666666665,1562940338000,600
1539,139.04905,1562940339000,75
1540,139.048,1562940340000,110
1541,139.0581,1562940341000,22
1542,139.06,1562940342000,400
1543,139.055,1562940343000,100
1544,139.04999999999998,1562940344000,1301
1545,139.04420000000002,1562940345000,68
1546,139.04885624999997,1562940346000,1821
1547,139.05,1562940347000,10
1548,139.0465,1562940348000,10
1549,139.04246666666666,1562940349000,125
1550,139.04,1562940350000,2
1551,139.05,1562940351000,101
1552,139.04004347826086,1562940352000,349
1553,139.04034482758618,1562940353000,1371
1554,139.03315789473683,1562940354000,5329
1555,139.03390000000002,1562940355000,723
1556,139.01,1562940356000,100
1557,139.0198777777778,1562940357000,2720
1558,139.03166666666664,1562940358000,951
1559,139.03,1562940359000,300
1560,139.03435,1562940360000,585
1561,139.03,1562940361000,10
1562,139.04086,1562940362000,1293
1563,139.046,1562940363000,100
1564,139.05,1562940364000,100
1565,139.04854545454543,1562940365000,1228
1566,139.04284285714286,1562940366000,591
1567,139.03583333333333,1562940367000,3505
1568,139.042,1562940368000,12
1569,139.05,1562940369000,500
1570,139.0429,1562940370000,200
1571,139.045,1562940371000,379
1572,139.04,1562940372000,100
1573,139.04,1562940373000,100
1574,139.04,1562940374000,100
1575,139.0412652173913,1562940375000,1690
1576,139.04125,1562940376000,1201
1577,139.04267499999997,1562940377000,337
1578,138.99535714285713,1562940378000,43784
1579,139.030925,1562940379000,1454
1580,139.0275,1562940380000,700
1581,139.025,1562940381000,1
1582,139.02205,1562940382000,100
1583,139.03,1562940383000,100
1584,139.02800000000002,1562940384000,570
1585,139.025,1562940385000,10
1586,139.0293,1562940386000,100
1587,139.022,1562940387000,687
1588,139.03,1562940388000,200
1589,139.03,1562940389000,161
1590,139.029,1562940390000,1
1591,139.03650000000002,1562940391000,6428
1592,139.02398260869563,1562940392000,1794
1593,139.01729999999998,1562940393000,1406
1594,139.015,1562940394000,15
1595,139.01495,1562940395000,92
1596,139.02,1562940396000,1007
1597,139.03214285714284,1562940397000,1826
1598,139.04042500000003,1562940398000,850
1599,139.0411111111111,1562940399000,1111
1600,139.0469,1562940400000,700
1601,139.04495,1562940401000,3100
1602,139.04971176470588,1562940402000,2422
1603,139.04986666666665,1562940403000,467
1604,139.042,1562940404000,524
1605,139.04375,1562940405000,352
1606,139.05,1562940406000,1
1607,139.0475,1562940407000,115
1608,139.05000588235293,1562940408000,1546
1609,139.055,1562940409000,228
1610,139.04874999999998,1562940410000,368
1611,139.0425,1562940411000,284
1612,139.045,1562940412000,1072
1613,139.04999999999998,1562940413000,710
1614,139.0573,1562940414000,332
1615,139.05966249999997,1562940415000,1236
1616,139.06,1562940416000,478
1617,139.055,1562940417000,200
1618,139.05206000000004,1562940418000,251
1619,139.05,1562940419000,100
1620,139.055,1562940420000,5
1621,139.06,1562940421000,125
1622,139.06145,1562940422000,1166
1623,139.06,1562940423000,90
1624,139.06523333333334,1562940424000,88
1625,139.07,1562940425000,68
1626,139.06092307692305,1562940426000,1340
1627,139.07,1562940427000,31
1628,139.0699076923077,1562940428000,2888
1629,139.0655,1562940429000,35
1630,139.0619,1562940430000,150
1631,139.0638,1562940431000,295
1632,139.05850500000003,1562940432000,2129
1633,139.04866666666663,1562940433000,1725
1634,139.04999999999998,1562940434000,2100
1635,139.05,1562940435000,700
1636,139.05325,1562940436000,300
1637,139.055,1562940437000,171
1638,139.0525,1562940438000,1011
1639,139.05038,1562940439000,379
1640,139.05275,1562940440000,700
1641,139.04068,1562940441000,704
1642,139.05333333333334,1562940442000,300
1643,139.0598,1562940443000,5
1644,139.0535,1562940444000,250
1645,139.06,1562940445000,1100
1646,139.051513157895,1562940446000,7514
1647,139.03483333333332,1562940447000,736
1648,139.03536666666668,1562940448000,110
1649,139.03000714285713,1562940449000,1129
1650,139.03,1562940450000,156
1651,139.03,1562940451000,501
1652,139.04,1562940452000,3
1653,139.0399,1562940453000,5
1654,139.03874999999996,1562940454000,10184
1655,139.02798,1562940455000,205
1656,139.03,1562940456000,22
1657,139.02,1562940457000,764
1658,139.02545,1562940458000,420
1659,139.0248,1562940459000,50
1660,139.025,1562940460000,1231
1661,139.0261,1562940461000,150
1662,139.02463333333333,1562940462000,22
1663,139.0247,1562940463000,83
1664,139.03,1562940464000,5
1665,139.0187464285716,1562940465000,3680
1666,139.0075,1562940466000,1113
1667,139.0077,1562940467000,510
1668,139.005,1562940468000,601
1669,139.01,1562940469000,100
1670,139.01,1562940470000,100
1671,139.015,1562940471000,2
1672,139.01704999999998,1562940472000,263
1673,139.017,1562940473000,169
1674,139.02,1562940474000,100
1675,139.00397058823526,1562940475000,2264
1676,138.99805,1562940476000,175
1677,138.995,1562940477000,30
1678,138.99361111111114,1562940478000,1388
1679,139.0,1562940479000,200
1680,139.0019,1562940480000,20
1681,139.0085,1562940481000,16
1682,139.0075,1562940482000,7
1683,139.00954545454545,1562940483000,1059
1684,139.003,1562940484000,1251
1685,138.9975,1562940485000,103
1686,139.01955128205148,1562940486000,5694
1687,139.0225,1562940487000,101
1688,139.02,1562940488000,1746
1689,139.0162,1562940489000,1
1690,139.0208153846154,1562940490000,1004
1691,139.02873333333332,1562940491000,110
1692,139.0275,1562940492000,100
1693,139.0278,1562940493000,100
1694,139.01901,1562940494000,1996
1695,139.01555000000002,1562940495000,71
1696,139.00954444444446,1562940496000,2071
1697,139.002,1562940497000,50
1698,139.0,1562940498000,1439
1699,138.98923333333332,1562940499000,271
1700,138.995,1562940500000,884
1701,138.98604,1562940501000,405
1702,138.9831,1562940502000,100
1703,138.983,1562940503000,10
1704,138.9852,1562940504000,3
1705,138.99025,1562940505000,310
1706,139.00521739130443,1562940506000,2594
1707,139.0183,1562940507000,15
1708,139.01252499999998,1562940508000,400
1709,139.0188,1562940509000,25
1710,139.0101,1562940510000,15
1711,139.02,1562940511000,100
1712,139.01857142857145,1562940512000,2179
1713,139.01,1562940513000,156
1714,139.015,1562940514000,100
1715,139.01083333333332,1562940515000,982
1716,139.0,1562940516000,216
1717,139.0,1562940517000,400
1718,139.005,1562940518000,100
1719,139.0001,1562940519000,15
1720,139.005,1562940520000,7
1721,139.005,1562940521000,7
1722,139.0075,1562940522000,282
1723,139.009,1562940523000,600
1724,139.0083,1562940524000,42
1725,139.01399999999998,1562940525000,873
1726,139.0299964285715,1562940526000,2715
1727,139.025,1562940527000,100
1728,139.02236999999997,1562940528000,1182
1729,139.0244,1562940529000,73
1730,139.025,1562940530000,100
1731,139.02480769230777,1562940531000,1983
1732,139.0332,1562940532000,39
1733,139.03125,1562940533000,504
1734,139.03,1562940534000,36
1735,139.04,1562940535000,1267
1736,139.0486,1562940536000,5
1737,139.0505,1562940537000,626
1738,139.06,1562940538000,300
1739,139.053475,1562940539000,109
1740,139.06,1562940540000,200
1741,139.05899999999997,1562940541000,741
1742,139.05624999999998,1562940542000,2070
1743,139.06714285714284,1562940543000,561
1744,139.08131973684212,1562940544000,8985
1745,139.10117283950618,1562940545000,25354
1746,139.09,1562940546000,700
1747,139.0852625,1562940547000,245
1748,139.08795,1562940548000,200
1749,139.08735000000001,1562940549000,1008
1750,139.0801,1562940550000,50
1751,139.08726000000001,1562940551000,1521
1752,139.08835555555558,1562940552000,4923
1753,139.0900000000001,1562940553000,6241
1754,139.0902564102565,1562940554000,3900
1755,139.09154999999998,1562940555000,985
1756,139.09736666666666,1562940556000,53
1757,139.1,1562940557000,100
1758,139.09688235294132,1562940558000,17157
1759,139.09003076923074,1562940559000,252
1760,139.08315483870965,1562940560000,2821
1761,139.07999999999998,1562940561000,12
1762,139.08,1562940562000,201
1763,139.0810933333333,1562940563000,1272
1764,139.06666666666666,1562940564000,111
1765,139.06875,1562940565000,606
1766,139.0623578947368,1562940566000,1863
1767,139.06143333333333,1562940567000,245
1768,139.06,1562940568000,306
1769,139.0349767441861,1562940569000,3252
1770,139.0257125,1562940570000,5461
1771,139.04139999999998,1562940571000,550
1772,139.03984230769228,1562940572000,3421
1773,139.0355,1562940573000,101
1774,139.04,1562940574000,1
1775,139.0381,1562940575000,2110
1776,139.03385,1562940576000,1575
1777,139.032975,1562940577000,1175
1778,139.0195,1562940578000,502
1779,139.02,1562940579000,200
1780,139.03,1562940580000,53
1781,139.03,1562940581000,147
1782,139.03,1562940582000,200
1783,139.0357,1562940583000,497
1784,139.0364,1562940584000,41
1785,139.0399,1562940585000,80
1786,139.03,1562940586000,100
1787,139.03,1562940587000,100
1788,139.02974999999998,1562940588000,603
1789,139.0342375,1562940589000,328
1790,139.0438,1562940590000,1000
1791,139.048,1562940591000,50
1792,139.03833333333333,1562940592000,301
1793,139.03316666666663,1562940593000,141
1794,139.03009999999998,1562940594000,795
1795,139.02,1562940595000,110
1796,139.02116666666666,1562940596000,489
1797,139.01722222222222,1562940597000,740
1798,139.002,1562940598000,174
1799,139.0010111111111,1562940599000,208
1800,139.0,1562940600000,9603
1801,138.9796130434782,1562940601000,3308
1802,138.96053333333336,1562940602000,439
1803,138.94732857142853,1562940603000,3168
1804,138.94263064516127,1562940604000,5825
1805,138.93585,1562940605000,608
1806,138.93881666666667,1562940606000,385
1807,138.95919999999995,1562940607000,3029
1808,138.95615,1562940608000,84
1809,138.9456857142857,1562940609000,661
1810,138.93800000000002,1562940610000,829
1811,138.92333333333335,1562940611000,513
1812,138.93695,1562940612000,566
1813,138.94,1562940613000,100
1814,138.92348181818184,1562940614000,830
1815,138.9610153846154,1562940615000,1217
1816,138.97123333333332,1562940616000,500
1817,138.95895,1562940617000,3707
1818,138.95556666666664,1562940618000,2357
1819,138.94549999999998,1562940619000,400
1820,138.9453,1562940620000,100
1821,138.94,1562940621000,200
1822,138.95,1562940622000,136
1823,138.94,1562940623000,10
1824,138.93210000000002,1562940624000,2978
1825,138.93574444444442,1562940625000,880
1826,138.91808571428572,1562940626000,2153
1827,138.9112,1562940627000,268
1828,138.9234375,1562940628000,1308
1829,138.92833333333334,1562940629000,136
1830,138.92,1562940630000,10
1831,138.925,1562940631000,1
1832,138.9048142857143,1562940632000,853
1833,138.91773333333333,1562940633000,410
1834,138.92123333333333,1562940634000,4200
1835,138.93315555555557,1562940635000,1629
1836,138.94,1562940636000,3
1837,138.94000000000003,1562940637000,925
1838,138.95660714285717,1562940638000,2834
1839,138.9519333333333,1562940639000,244
1840,138.9547,1562940640000,25
1841,138.955,1562940641000,2
1842,138.95,1562940642000,1
1843,138.959,1562940643000,15
1844,138.95,1562940644000,50
1845,138.955,1562940645000,100
1846,138.94875000000002,1562940646000,671
1847,138.9464,1562940647000,174
1848,138.9448,1562940648000,10
1849,138.9447,1562940649000,36
1850,138.9475,1562940650000,63
1851,138.95,1562940651000,1200
1852,138.955,1562940652000,200
1853,138.955,1562940653000,33
1854,138.96,1562940654000,600
1855,138.96,1562940655000,6
1856,138.95250000000001,1562940656000,115
1857,138.955,1562940657000,2
1858,138.9548,1562940658000,5
1859,138.96,1562940659000,816
1860,138.97,1562940660000,10
1861,138.96,1562940661000,200
1862,138.96073750000002,1562940662000,1070
1863,138.96377999999999,1562940663000,243
1864,138.96,1562940664000,1
1865,138.96,1562940665000,444
1866,138.95823529411766,1562940666000,1121
1867,138.95398000000003,1562940667000,1525
1868,138.95,1562940668000,100
1869,138.94476190476195,1562940669000,1734
1870,138.93,1562940670000,103
1871,138.925,1562940671000,100
1872,138.93,1562940672000,100
1873,138.929,1562940673000,702
1874,138.92499999999998,1562940674000,514
1875,138.92680000000001,1562940675000,1598
1876,138.9262,1562940676000,258
1877,138.93246,1562940677000,1620
1878,138.9276,1562940678000,104
1879,138.9295,1562940679000,6
1880,138.925,1562940680000,1
1881,138.925,1562940681000,700
1882,138.9247,1562940682000,800
1883,138.92,1562940683000,100
1884,138.92333333333332,1562940684000,519
1885,138.9201,1562940685000,5
1886,138.92,1562940686000,13
1887,138.92241249999998,1562940687000,855
1888,138.9169033333333,1562940688000,2361
1889,138.90944444444443,1562940689000,1755
1890,138.90022758620697,1562940690000,5916
1891,138.89675,1562940691000,3391
1892,138.8992181818182,1562940692000,2318
1893,138.9,1562940693000,49
1894,138.8999,1562940694000,5
1895,138.895,1562940695000,10354
1896,138.88574074074074,1562940696000,5545
1897,138.875,1562940697000,200
1898,138.86514285714287,1562940698000,3909
1899,138.87416666666664,1562940699000,1679
1900,138.8648076923077,1562940700000,3101
1901,138.87750000000005,1562940701000,1990
1902,138.8630909090908,1562940702000,6483
1903,138.86,1562940703000,300
1904,138.86188235294117,1562940704000,3853
1905,138.8618181818182,1562940705000,862
1906,138.87000000000006,1562940706000,2481
1907,138.87625000000003,1562940707000,6344
1908,138.88744615384613,1562940708000,2223
1909,138.89,1562940709000,1
1910,138.8875,1562940710000,697
1911,138.88655,1562940711000,320
1912,138.89713809523812,1562940712000,1472
1913,138.90677500000004,1562940713000,1550
1914,138.89127777777776,1562940714000,3001
1915,138.89,1562940715000,100
1916,138.89,1562940716000,908
1917,138.9,1562940717000,10
1918,138.89,1562940718000,10
1919,138.8915,1562940719000,120
1920,138.9,1562940720000,204
1921,138.8863642857143,1562940721000,1179
1922,138.88,1562940722000,28
1923,138.8715,1562940723000,1320
1924,138.86575000000005,1562940724000,4085
1925,138.91504545454546,1562940725000,984
1926,138.85,1562940726000,8
1927,138.85455,1562940727000,300
1928,138.85726111111114,1562940728000,2077
1929,138.85028666666665,1562940729000,3794
1930,138.84833333333333,1562940730000,292
1931,138.8490375,1562940731000,2600
1932,138.84681818181818,1562940732000,1150
1933,138.8369083333333,1562940733000,2200
1934,138.8325,1562940734000,130
1935,138.835,1562940735000,2
1936,138.83,1562940736000,10
1937,138.84,1562940737000,3
1938,138.837,1562940738000,70
1939,138.8338,1562940739000,100
1940,138.8302666666667,1562940740000,1100
1941,138.83,1562940741000,100
1942,138.83960833333333,1562940742000,1985
1943,138.84,1562940743000,61
1944,138.8375,1562940744000,200
1945,138.839,1562940745000,151
1946,138.84,1562940746000,50
1947,138.83262307692308,1562940747000,1400
1948,138.83,1562940748000,212
1949,138.825,1562940749000,4
1950,138.83,1562940750000,100
1951,138.83,1562940751000,601
1952,138.8414285714286,1562940752000,828
1953,138.8468875,1562940753000,375
1954,138.855675,1562940754000,1340
1955,138.86,1562940755000,3
1956,138.85685,1562940756000,850
1957,138.86,1562940757000,150
1958,138.8542,1562940758000,210
1959,138.85375000000002,1562940759000,415
1960,138.86178695652177,1562940760000,1722
1961,138.8785,1562940761000,221
1962,138.87795999999997,1562940762000,322
1963,138.875,1562940763000,31
1964,138.875,1562940764000,31
1965,138.86723684210529,1562940765000,2904
1966,138.84947499999998,1562940766000,611
1967,138.85,1562940767000,334
1968,138.84905,1562940768000,788
1969,138.845,1562940769000,5
1970,138.858,1562940770000,125
1971,138.85,1562940771000,102
1972,138.85399999999998,1562940772000,990
1973,138.855,1562940773000,10
1974,138.86307692307693,1562940774000,1400
1975,138.86166666666668,1562940775000,1152
1976,138.8624,1562940776000,142
1977,138.86625,1562940777000,741
1978,138.87222500000001,1562940778000,1068
1979,138.875,1562940779000,4
1980,138.87995,1562940780000,15
1981,138.87591428571426,1562940781000,2143
1982,138.87334444444446,1562940782000,1410
1983,138.86,1562940783000,62
1984,138.8675,1562940784000,845
1985,138.85064499999996,1562940785000,3301
1986,138.85265714285714,1562940786000,119
1987,138.844,1562940787000,50
1988,138.8485,1562940788000,168
1989,138.84096666666667,1562940789000,31
1990,138.8444,1562940790000,144
1991,138.845,1562940791000,50
1992,138.845,1562940792000,500
1993,138.845,1562940793000,10
1994,138.845,1562940794000,35
1995,138.85,1562940795000,1
1996,138.84494999999998,1562940796000,40
1997,138.85037499999999,1562940797000,2306
1998,138.855,1562940798000,3
1999,138.85106666666664,1562940799000,1015
2000,138.85136363636363,1562940800000,1931
2001,138.85316666666665,1562940801000,16
2002,138.85144545454543,1562940802000,654
2003,138.85281999999998,1562940803000,1182
2004,138.8531,1562940804000,25
2005,138.85666666666668,1562940805000,181
2006,138.85826666666668,1562940806000,35
2007,138.855,1562940807000,14
2008,138.85826666666668,1562940808000,49
2009,138.8595454545455,1562940809000,432
2010,138.85495,1562940810000,282
2011,138.85567999999998,1562940811000,550
2012,138.85,1562940812000,100
2013,138.85035714285712,1562940813000,1123
2014,138.8559,1562940814000,200
2015,138.855,1562940815000,1
2016,138.855,1562940816000,5
2017,138.8575,1562940817000,30
2018,138.86,1562940818000,9
2019,138.855,1562940819000,1
2020,138.8573,1562940820000,100
2021,138.8549,1562940821000,20
2022,138.8599,1562940822000,21
2023,138.855,1562940823000,799
2024,138.85125,1562940824000,1000
2025,138.855,1562940825000,1
2026,138.86000000000007,1562940826000,1246
2027,138.86,1562940827000,277
2028,138.8600090909091,1562940828000,967
2029,138.85717333333335,1562940829000,2050
2030,138.8493066666666,1562940830000,1642
2031,138.84916666666666,1562940831000,787
2032,138.8475,1562940832000,104
2033,138.84,1562940833000,6
2034,138.84,1562940834000,20
2035,138.841888,1562940835000,2198
2036,138.8253125,1562940836000,1175
2037,138.81003333333334,1562940837000,74
2038,138.815,1562940838000,130
2039,138.813,1562940839000,25
2040,138.80999999999997,1562940840000,879
2041,138.81560000000002,1562940841000,172
2042,138.81,1562940842000,200
2043,138.80999999999997,1562940843000,423
2044,138.81,1562940844000,100
2045,138.80991874999998,1562940845000,1509
2046,138.81874000000002,1562940846000,1458
2047,138.82,1562940847000,50
2048,138.8109,1562940848000,150
2049,138.81999999999996,1562940849000,1138
2050,138.82798000000003,1562940850000,273
2051,138.82524999999998,1562940851000,16
2052,138.82426666666666,1562940852000,386
2053,138.8263,1562940853000,507
2054,138.82,1562940854000,2
2055,138.829375,1562940855000,721
2056,138.8246,1562940856000,35
2057,138.82642352941176,1562940857000,2338
2058,138.82572499999998,1562940858000,1887
2059,138.82785,1562940859000,427
2060,138.81942692307695,1562940860000,3341
2061,138.8135,1562940861000,440
2062,138.8198,1562940862000,600
2063,138.815,1562940863000,30
2064,138.8166,1562940864000,103
2065,138.82,1562940865000,400
2066,138.82666666666668,1562940866000,505
2067,138.843275,1562940867000,275
2068,138.84195,1562940868000,45
2069,138.8475,1562940869000,74
2070,138.84969999999996,1562940870000,561
2071,138.83473636363635,1562940871000,2771
2072,138.82,1562940872000,203
2073,138.8299,1562940873000,1
2074,138.83,1562940874000,2
2075,138.83,1562940875000,100
2076,138.83013529411764,1562940876000,1277
2077,138.82845,1562940877000,25
2078,138.825,1562940878000,3
2079,138.82997500000002,1562940879000,795
2080,138.84,1562940880000,100
2081,138.84108571428573,1562940881000,1428
2082,138.845,1562940882000,4
2083,138.83999999999997,1562940883000,566
2084,138.83,1562940884000,4
2085,138.83364999999998,1562940885000,81
2086,138.8329,1562940886000,569
2087,138.84,1562940887000,129
2088,138.835,1562940888000,300
2089,138.83200000000002,1562940889000,84
2090,138.83923750000002,1562940890000,910
2091,138.845,1562940891000,200
2092,138.85095238095235,1562940892000,2305
2093,138.86000000000007,1562940893000,1903
2094,138.87,1562940894000,200
2095,138.8661,1562940895000,40
2096,138.86,1562940896000,75
2097,138.865,1562940897000,35
2098,138.85730769230773,1562940898000,2908
2099,138.84493333333333,1562940899000,300
2100,138.8415,1562940900000,5
2101,138.84,1562940901000,904
2102,138.84,1562940902000,100
2103,138.83339999999995,1562940903000,2334
2104,138.82730769230767,1562940904000,2430
2105,138.825,1562940905000,700
2106,138.8271,1562940906000,4
2107,138.82198,1562940907000,490
2108,138.82445,1562940908000,600
2109,138.825,1562940909000,300
2110,138.83107500000003,1562940910000,536
2111,138.83966666666666,1562940911000,1669
2112,138.84974999999997,1562940912000,1202
2113,138.85,1562940913000,500
2114,138.8597,1562940914000,737
2115,138.86,1562940915000,1
2116,138.86,1562940916000,100
2117,138.85760000000002,1562940917000,566
2118,138.8532,1562940918000,236
2119,138.85486666666665,1562940919000,2362
2120,138.8564,1562940920000,50
2121,138.86,1562940921000,50
2122,138.85973684210535,1562940922000,3179
2123,138.8654,1562940923000,50
2124,138.864225,1562940924000,220
2125,138.87,1562940925000,20
2126,138.865,1562940926000,15
2127,138.869,1562940927000,59
2128,138.85921428571436,1562940928000,1050
2129,138.854,1562940929000,3729
2130,138.86,1562940930000,100
2131,138.86,1562940931000,158
2132,138.854,1562940932000,1400
2133,138.855,1562940933000,100
2134,138.85833333333335,1562940934000,1087
2135,138.8591,1562940935000,100
2136,138.8517,1562940936000,348
2137,138.86,1562940937000,100
2138,138.856,1562940938000,70
2139,138.85,1562940939000,135
2140,138.8517,1562940940000,195
2141,138.84568965517244,1562940941000,5782
2142,138.836225,1562940942000,100
2143,138.8318,1562940943000,204
2144,138.82833333333335,1562940944000,556
2145,138.8273,1562940945000,15
2146,138.82977272727268,1562940946000,1944
2147,138.84,1562940947000,20
2148,138.8399,1562940948000,13
2149,138.83166666666668,1562940949000,406
2150,138.83,1562940950000,1
2151,138.83,1562940951000,500
2152,138.83,1562940952000,400
2153,138.83151000000004,1562940953000,613
2154,138.835,1562940954000,39
2155,138.83,1562940955000,1
2156,138.8399,1562940956000,2
2157,138.83,1562940957000,305
2158,138.83,1562940958000,500
2159,138.83161764705878,1562940959000,1705
2160,138.8233,1562940960000,111
2161,138.82835172413792,1562940961000,3127
2162,138.82,1562940962000,70
2163,138.82,1562940963000,1
2164,138.82,1562940964000,200
2165,138.82,1562940965000,101
2166,138.81549999999996,1562940966000,4585
2167,138.80156875,1562940967000,1966
2168,138.80185000000003,1562940968000,128
2169,138.8,1562940969000,2
2170,138.80308,1562940970000,127
2171,138.8045,1562940971000,360
2172,138.79995957446818,1562940972000,6655
2173,138.8,1562940973000,100
2174,138.7911,1562940974000,1254
2175,138.79,1562940975000,127
2176,138.79343999999998,1562940976000,298
2177,138.79765,1562940977000,37
2178,138.78761428571428,1562940978000,2386
2179,138.7775,1562940979000,227
2180,138.77833333333334,1562940980000,1004
2181,138.78033333333337,1562940981000,1657
2182,138.7790909090909,1562940982000,752
2183,138.79,1562940983000,4
2184,138.78,1562940984000,200
2185,138.785,1562940985000,10
2186,138.7845,1562940986000,100
2187,138.78,1562940987000,30
2188,138.78,1562940988000,4
2189,138.79,1562940989000,5
2190,138.78166666666667,1562940990000,102
2191,138.77708333333334,1562940991000,1568
2192,138.7674,1562940992000,166
2193,138.76,1562940993000,100
2194,138.75403999999997,1562940994000,600
2195,138.74784313725485,1562940995000,9371
2196,138.75,1562940996000,1
2197,138.7481,1562940997000,452
2198,138.74833333333333,1562940998000,300
2199,138.7466,1562940999000,100
2200,138.746,1562941000000,48
2201,138.74125,1562941001000,927
2202,138.74,1562941002000,383
2203,138.7424,1562941003000,183
2204,138.73947777777778,1562941004000,1057
2205,138.72833333333332,1562941005000,502
2206,138.72415,1562941006000,81
2207,138.73851000000002,1562941007000,969
2208,138.74062500000002,1562941008000,332
2209,138.735,1562941009000,1
2210,138.72902000000002,1562941010000,416
2211,138.716925,1562941011000,1707
2212,138.71,1562941012000,100
2213,138.712,1562941013000,171
2214,138.71170000000004,1562941014000,223
2215,138.71152500000002,1562941015000,153
2216,138.711,1562941016000,451
2217,138.71021304347826,1562941017000,1312
2218,138.7011,1562941018000,1
2219,138.7001,1562941019000,50
2220,138.6942321428571,1562941020000,7756
2221,138.68085714285715,1562941021000,810
2222,138.6895,1562941022000,706
2223,138.69305,1562941023000,28
2224,138.681905,1562941024000,3348
2225,138.68142105263158,1562941025000,2232
2226,138.68400000000003,1562941026000,1455
2227,138.67125,1562941027000,114
2228,138.67943333333338,1562941028000,601
2229,138.68747142857143,1562941029000,1110
2230,138.7065,1562941030000,573
2231,138.709,1562941031000,235
2232,138.71,1562941032000,14
2233,138.7052105263158,1562941033000,814
2234,138.69333333333333,1562941034000,117
2235,138.68873333333337,1562941035000,2653
2236,138.68,1562941036000,1
2237,138.68,1562941037000,310
2238,138.65758000000002,1562941038000,1928
2239,138.65110000000004,1562941039000,2343
2240,138.65875,1562941040000,302
2241,138.65,1562941041000,20
2242,138.6575,1562941042000,14
2243,138.655,1562941043000,220
2244,138.65800000000002,1562941044000,22
2245,138.65744444444442,1562941045000,286
2246,138.68906111111113,1562941046000,1632
2247,138.66166666666666,1562941047000,205
2248,138.6666,1562941048000,62
2249,138.65812499999998,1562941049000,800
2250,138.65,1562941050000,5
2251,138.6598736842105,1562941051000,2000
2252,138.66500000000002,1562941052000,335
2253,138.6675,1562941053000,8
2254,138.6673,1562941054000,50
2255,138.665,1562941055000,32
2256,138.6717391304348,1562941056000,1961
2257,138.69000000000003,1562941057000,3404
2258,138.68416666666667,1562941058000,300
2259,138.6846,1562941059000,340
2260,138.68913125000003,1562941060000,1252
2261,138.6899,1562941061000,1000
2262,138.68699999999998,1562941062000,225
2263,138.68750000000003,1562941063000,657
2264,138.68813333333335,1562941064000,1000
2265,138.68,1562941065000,100
2266,138.6817,1562941066000,50
2267,138.685,1562941067000,7
2268,138.68537999999998,1562941068000,805
2269,138.685,1562941069000,13
2270,138.68685,1562941070000,300
2271,138.68003000000004,1562941071000,561
2272,138.6877777777778,1562941072000,2466
2273,138.69642857142858,1562941073000,384
2274,138.7,1562941074000,90
2275,138.69966363636365,1562941075000,1410
2276,138.695,1562941076000,333
2277,138.7,1562941077000,100
2278,138.7,1562941078000,296
2279,138.7114285714286,1562941079000,804
2280,138.7176,1562941080000,500
2281,138.7225,1562941081000,465
2282,138.72,1562941082000,18
2283,138.73,1562941083000,20
2284,138.72,1562941084000,30
2285,138.725,1562941085000,96
2286,138.73,1562941086000,30
2287,138.7204363636364,1562941087000,752
2288,138.71,1562941088000,100
2289,138.7125,1562941089000,33
2290,138.7161,1562941090000,50
2291,138.72,1562941091000,1
2292,138.7835,1562941092000,100
2293,138.7100052631579,1562941093000,1763
2294,138.70944444444447,1562941094000,987
2295,138.714325,1562941095000,271
2296,138.71,1562941096000,300
2297,138.7055,1562941097000,3
2298,138.719125,1562941098000,5221
2299,138.72,1562941099000,1100
2300,138.728,1562941100000,671
2301,138.725,1562941101000,300
2302,138.725,1562941102000,100
2303,138.721,1562941103000,200
2304,138.72043333333338,1562941104000,3483
2305,138.71512,1562941105000,1173
2306,138.71142857142857,1562941106000,2036
2307,138.718425,1562941107000,800
2308,138.71375,1562941108000,159
2309,138.7138,1562941109000,1
2310,138.7125,1562941110000,400
2311,138.72,1562941111000,612
2312,138.72927,1562941112000,1116
2313,138.725,1562941113000,100
2314,138.721875,1562941114000,700
2315,138.73,1562941115000,100
2316,138.72666666666666,1562941116000,300
2317,138.7236,1562941117000,15
2318,138.7224,1562941118000,44
2319,138.72124166666666,1562941119000,974
2320,138.71110833333333,1562941120000,901
2321,138.7,1562941121000,210
2322,138.7,1562941122000,100
2323,138.70167999999998,1562941123000,1253
2324,138.705,1562941124000,300
2325,138.7028,1562941125000,35
2326,138.7,1562941126000,1
2327,138.7,1562941127000,2
2328,138.7,1562941128000,1
2329,138.705,1562941129000,25
2330,138.701,1562941130000,146
2331,138.705,1562941131000,400
2332,138.71,1562941132000,2
2333,138.6998437499999,1562941133000,2292
2334,138.685,1562941134000,6
2335,138.69,1562941135000,74
2336,138.68583333333333,1562941136000,545
2337,138.68,1562941137000,100
2338,138.685,1562941138000,3
2339,138.6875,1562941139000,8
2340,138.69,1562941140000,111
2341,138.68948571428572,1562941141000,904
2342,138.7,1562941142000,37
2343,138.693525,1562941143000,468
2344,138.69166666666666,1562941144000,210
2345,138.695,1562941145000,1000
2346,138.6932,1562941146000,145
2347,138.70057142857144,1562941147000,1435
2348,138.69999166666668,1562941148000,774
2349,138.7048,1562941149000,135
2350,138.71,1562941150000,90
2351,138.71,1562941151000,2
2352,138.705,1562941152000,1
2353,138.705,1562941153000,47
2354,138.7041,1562941154000,550
2355,138.705,1562941155000,35
2356,138.70745,1562941156000,101
2357,138.70833333333334,1562941157000,503
2358,138.69516999999996,1562941158000,4290
2359,138.66214444444444,1562941159000,501
2360,138.6639,1562941160000,9
2361,138.661,1562941161000,45
2362,138.6575642857143,1562941162000,793
2363,138.65,1562941163000,100
2364,138.63900000000004,1562941164000,6855
2365,138.62062500000002,1562941165000,1001
2366,138.6214,1562941166000,328
2367,138.6225,1562941167000,28
2368,138.61623750000007,1562941168000,996
2369,138.59831025641026,1562941169000,7848
2370,138.5867,1562941170000,1312
2371,138.58243333333337,1562941171000,443
2372,138.5882,1562941172000,105
2373,138.58923076923077,1562941173000,1632
2374,138.59666666666666,1562941174000,265
2375,138.5996205882353,1562941175000,932
2376,138.6,1562941176000,200
2377,138.61,1562941177000,5
2378,138.61000000000007,1562941178000,42
2379,138.60958333333338,1562941179000,951
2380,138.6131,1562941180000,80
2381,138.6121,1562941181000,75
2382,138.61,1562941182000,1
2383,138.615,1562941183000,1
2384,138.62,1562941184000,95
2385,138.62,1562941185000,405
2386,138.61995000000002,1562941186000,102
2387,138.62,1562941187000,100
2388,138.615,1562941188000,65
2389,138.62,1562941189000,100
2390,138.61833333333334,1562941190000,226
2391,138.61021578947376,1562941191000,1385
2392,138.61045714285714,1562941192000,313
2393,138.615,1562941193000,30
2394,138.62,1562941194000,2
2395,138.62,1562941195000,93
2396,138.62176470588227,1562941196000,1078
2397,138.62124,1562941197000,598
2398,138.62,1562941198000,230
2399,138.61928571428572,1562941199000,572
2400,138.6168,1562941200000,20
2401,138.6192166666667,1562941201000,950
2402,138.62333333333333,1562941202000,448
2403,138.6341176470588,1562941203000,1652
2404,138.635,1562941204000,300
2405,138.642,1562941205000,275
2406,138.65,1562941206000,241
2407,138.6507142857143,1562941207000,434
2408,138.64749999999998,1562941208000,697
2409,138.61472222222216,1562941209000,6747
2410,138.60125,1562941210000,410
2411,138.60906250000005,1562941211000,1442
2412,138.60833333333335,1562941212000,471
2413,138.6069,1562941213000,51
2414,138.59347826086955,1562941214000,2520
2415,138.5964285714286,1562941215000,662
2416,138.5947,1562941216000,292
2417,138.59734999999998,1562941217000,411
2418,138.5995909090909,1562941218000,611
2419,138.60333333333332,1562941219000,75
2420,138.61666666666667,1562941220000,1490
2421,138.6317,1562941221000,50
2422,138.6225,1562941222000,200
2423,138.62665833333332,1562941223000,2772
2424,138.62,1562941224000,300
2425,138.6204125,1562941225000,506
2426,138.6184,1562941226000,90
2427,138.62064,1562941227000,662
2428,138.60722222222225,1562941228000,654
2429,138.60041666666666,1562941229000,850
2430,138.60928571428573,1562941230000,215
2431,138.61333333333334,1562941231000,318
2432,138.62304999999998,1562941232000,110
2433,138.63,1562941233000,20
2434,138.629,1562941234000,1
2435,138.62938,1562941235000,395
2436,138.6286,1562941236000,400
2437,138.6331,1562941237000,50
2438,138.63864285714286,1562941238000,684
2439,138.6341,1562941239000,220
2440,138.6355,1562941240000,1
2441,138.63,1562941241000,100
2442,138.63,1562941242000,100
2443,138.63,1562941243000,1
2444,138.625,1562941244000,846
2445,138.62,1562941245000,100
2446,138.61999999999998,1562941246000,1140
2447,138.629575,1562941247000,712
2448,138.635,1562941248000,2
2449,138.6435714285714,1562941249000,1798
2450,138.643,1562941250000,250
2451,138.6475,1562941251000,122
2452,138.6608857142857,1562941252000,1260
2453,138.6675,1562941253000,141
2454,138.66245,1562941254000,101
2455,138.665,1562941255000,10
2456,138.6698,1562941256000,10
2457,138.6625,1562941257000,26
2458,138.67,1562941258000,19
2459,138.66,1562941259000,100
2460,138.64972222222224,1562941260000,849
2461,138.62664545454544,1562941261000,2377
2462,138.6280434782609,1562941262000,2943
2463,138.6381625,1562941263000,600
2464,138.635,1562941264000,50
2465,138.64495,1562941265000,31
2466,138.64088999999998,1562941266000,745
2467,138.6392857142857,1562941267000,700
2468,138.64301999999998,1562941268000,1800
2469,138.64299999999997,1562941269000,275
2470,138.6518,1562941270000,1101
2471,138.6559,1562941271000,500
2472,138.65,1562941272000,200
2473,138.6453,1562941273000,100
2474,138.65,1562941274000,39
2475,138.65,1562941275000,307
2476,138.65,1562941276000,293
2477,138.64,1562941277000,300
2478,138.6405,1562941278000,100
2479,138.63916666666665,1562941279000,405
2480,138.64924285714287,1562941280000,1186
2481,138.64071428571427,1562941281000,209
2482,138.6364,1562941282000,200
2483,138.63945,1562941283000,1040
2484,138.635,1562941284000,114
2485,138.635,1562941285000,6
2486,138.63467500000002,1562941286000,210
2487,138.6343,1562941287000,905
2488,138.64,1562941288000,100
2489,138.62583333333336,1562941289000,1988
2490,138.6154,1562941290000,20
2491,138.615,1562941291000,10
2492,138.615,1562941292000,36
2493,138.61,1562941293000,100
2494,138.60994210526323,1562941294000,2186
2495,138.62,1562941295000,10
2496,138.6122,1562941296000,50
2497,138.62,1562941297000,190
2498,138.61000000000004,1562941298000,1000
2499,138.61099000000002,1562941299000,1207
2500,138.6144,1562941300000,500
2501,138.61000000000007,1562941301000,1300
2502,138.61,1562941302000,5
2503,138.6,1562941303000,100
2504,138.6029,1562941304000,277
2505,138.605,1562941305000,1
2506,138.61,1562941306000,338
2507,138.61000000000004,1562941307000,1290
2508,138.62,1562941308000,1
2509,138.62,1562941309000,625
2510,138.6122,1562941310000,243
2511,138.6126,1562941311000,150
2512,138.608,1562941312000,1485
2513,138.61,1562941313000,300
2514,138.61042857142857,1562941314000,5632
2515,138.61745000000002,1562941315000,205
2516,138.61298000000002,1562941316000,321
2517,138.62,1562941317000,100
2518,138.6106,1562941318000,122
2519,138.6153,1562941319000,5
2520,138.61483333333334,1562941320000,611
2521,138.62260204081647,1562941321000,13232
2522,138.61363999999998,1562941322000,904
2523,138.60749166666665,1562941323000,1105
2524,138.60826666666665,1562941324000,500
2525,138.605,1562941325000,126
2526,138.60365000000002,1562941326000,187
2527,138.6099,1562941327000,3
2528,138.6,1562941328000,100
2529,138.60021153846148,1562941329000,2051
2530,138.58934705882353,1562941330000,1914
2531,138.58011666666664,1562941331000,1378
2532,138.58,1562941332000,30
2533,138.58152,1562941333000,600
2534,138.57665714285713,1562941334000,1254
2535,138.5647,1562941335000,1200
2536,138.56,1562941336000,300
2537,138.56709999999998,1562941337000,850
2538,138.56478333333334,1562941338000,344
2539,138.56599999999997,1562941339000,7
2540,138.55999999999997,1562941340000,506
2541,138.56,1562941341000,1
2542,138.56,1562941342000,200
2543,138.54999999999998,1562941343000,1000
2544,138.5529,1562941344000,75
2545,138.54611111111112,1562941345000,525
2546,138.5325,1562941346000,101
2547,138.5385714285714,1562941347000,941
2548,138.5406269230769,1562941348000,2434
2549,138.54166666666663,1562941349000,726
2550,138.5428,1562941350000,300
2551,138.54815000000002,1562941351000,510
2552,138.5454,1562941352000,37
2553,138.5475,1562941353000,16
2554,138.545,1562941354000,7
2555,138.5449,1562941355000,50
2556,138.54755,1562941356000,1138
2557,138.54104999999998,1562941357000,230
2558,138.545,1562941358000,17
2559,138.55562187499999,1562941359000,2938
2560,138.57,1562941360000,556
2561,138.58062727272727,1562941361000,804
2562,138.58,1562941362000,200
2563,138.580425,1562941363000,196
2564,138.58366666666663,1562941364000,1514
2565,138.59,1562941365000,2
2566,138.59,1562941366000,45
2567,138.585,1562941367000,50
2568,138.58,1562941368000,50
2569,138.595,1562941369000,100
2570,138.59,1562941370000,100
2571,138.5959,1562941371000,388
2572,138.6,1562941372000,100
2573,138.6,1562941373000,100
2574,138.592,1562941374000,202
2575,138.5904833333333,1562941375000,753
2576,138.58,1562941376000,100
2577,138.5949,1562941377000,1990
2578,138.5981,1562941378000,12
2579,138.59743999999998,1562941379000,350
2580,138.6,1562941380000,300
2581,138.60266666666666,1562941381000,202
2582,138.5977,1562941382000,142
2583,138.59166666666667,1562941383000,324
2584,138.5953,1562941384000,300
2585,138.5973,1562941385000,100
2586,138.599,1562941386000,36
2587,138.58205882352942,1562941387000,967
2588,138.57578333333333,1562941388000,632
2589,138.57409999999996,1562941389000,384
2590,138.57500000000002,1562941390000,202
2591,138.57,1562941391000,100
2592,138.58,1562941392000,68
2593,138.575,1562941393000,2
2594,138.57,1562941394000,100
2595,138.5704,1562941395000,110
2596,138.57,1562941396000,200
2597,138.5743,1562941397000,176
2598,138.5675,1562941398000,155
2599,138.56177499999998,1562941399000,907
2600,138.5535833333333,1562941400000,504
2601,138.55133999999998,1562941401000,23
2602,138.546,1562941402000,8
2603,138.54330000000002,1562941403000,300
2604,138.5431,1562941404000,21
2605,138.5467,1562941405000,32
2606,138.55,1562941406000,8
2607,138.54,1562941407000,100
2608,138.5465,1562941408000,87
2609,138.54104166666664,1562941409000,1758
2610,138.53625,1562941410000,14
2611,138.54,1562941411000,550
2612,138.53660769230768,1562941412000,787
2613,138.540025,1562941413000,311
2614,138.54852941176472,1562941414000,1463
2615,138.539,1562941415000,764
2616,138.54,1562941416000,96
2617,138.52576923076924,1562941417000,3334
2618,138.52259999999998,1562941418000,3309
2619,138.52035833333332,1562941419000,881
2620,138.515,1562941420000,67
2621,138.51166666666666,1562941421000,255
2622,138.516,1562941422000,100
2623,138.5125,1562941423000,2
2624,138.51615384615383,1562941424000,1019
2625,138.51356666666666,1562941425000,1278
2626,138.51359999999997,1562941426000,1730
2627,138.5166,1562941427000,709
2628,138.4946431279622,1562941428000,38593
2629,138.48,1562941429000,275
2630,138.4845,1562941430000,1066
2631,138.47999677419355,1562941431000,3062
2632,138.48,1562941432000,710
2633,138.47197500000001,1562941433000,970
2634,138.471675,1562941434000,582
2635,138.47666666666666,1562941435000,657
2636,138.47123333333334,1562941436000,208
2637,138.47335,1562941437000,548
2638,138.47,1562941438000,200
2639,138.475,1562941439000,10
2640,138.4671,1562941440000,2641
2641,138.468725,1562941441000,350
2642,138.46256666666667,1562941442000,250
2643,138.46904761904756,1562941443000,1337
2644,138.463975,1562941444000,700
2645,138.46,1562941445000,100
2646,138.456,1562941446000,305
2647,138.4513125,1562941447000,845
2648,138.45000000000002,1562941448000,100
2649,138.45033333333333,1562941449000,131
2650,138.4503166666666,1562941450000,5482
2651,138.4402,1562941451000,350
2652,138.4477777777778,1562941452000,844
2653,138.44061111111114,1562941453000,478
2654,138.43096538461535,1562941454000,2851
2655,138.43223076923078,1562941455000,6786
2656,138.43154,1562941456000,1550
2657,138.43299999999996,1562941457000,3271
2658,138.43111111111114,1562941458000,610
2659,138.43027777777777,1562941459000,1903
2660,138.43000000000004,1562941460000,687
2661,138.5121,1562941461000,335
2662,138.43,1562941462000,100
2663,138.42506250000002,1562941463000,2602
2664,138.44,1562941464000,33
2665,138.43333333333337,1562941465000,414
2666,138.432525,1562941466000,2134
2667,138.43750000000003,1562941467000,3700
2668,138.4365,1562941468000,476
2669,138.43486666666666,1562941469000,130
2670,138.437046875,1562941470000,7525
2671,138.44000000000003,1562941471000,700
2672,138.44798,1562941472000,403
2673,138.44746666666666,1562941473000,280
2674,138.4477785714286,1562941474000,1416
2675,138.45297777777768,1562941475000,3640
2676,138.4388,1562941476000,2744
2677,138.43,1562941477000,100
2678,138.43333333333334,1562941478000,268
2679,138.4325,1562941479000,2359
2680,138.445,1562941480000,200
2681,138.4413142857143,1562941481000,665
2682,138.445,1562941482000,21
2683,138.44578947368421,1562941483000,1376
2684,138.45210526315788,1562941484000,1914
2685,138.44607142857146,1562941485000,1537
2686,138.4471999999999,1562941486000,5130
2687,138.4424,1562941487000,220
2688,138.43973529411767,1562941488000,829
2689,138.43230000000003,1562941489000,2001
2690,138.4275,1562941490000,846
2691,138.42088235294125,1562941491000,2312
2692,138.4299,1562941492000,100
2693,138.43,1562941493000,75
2694,138.41797,1562941494000,897
2695,138.42,1562941495000,4
2696,138.4124,1562941496000,500
2697,138.41,1562941497000,157
2698,138.40782278481,1562941498000,3429
2699,138.4,1562941499000,700
2700,138.39713793103425,1562941500000,9611
2701,138.38,1562941501000,399
2702,138.36860344827585,1562941502000,3370
2703,138.365,1562941503000,440
2704,138.3633,1562941504000,1103
2705,138.36333333333334,1562941505000,808
2706,138.36274285714288,1562941506000,900
2707,138.35995238095245,1562941507000,1472
2708,138.35628823529413,1562941508000,1510
2709,138.355,1562941509000,2
2710,138.3546,1562941510000,90
2711,138.35,1562941511000,100
2712,138.35,1562941512000,20
2713,138.33079268292673,1562941513000,4173
2714,138.315,1562941514000,4
2715,138.31,1562941515000,100
2716,138.3187375,1562941516000,918
2717,138.325,1562941517000,101
2718,138.325,1562941518000,11
2719,138.3480327868852,1562941519000,6750
2720,138.35388888888886,1562941520000,1696
2721,138.35,1562941521000,100
2722,138.353825,1562941522000,426
2723,138.35313333333335,1562941523000,526
2724,138.355,1562941524000,1
2725,138.35580000000002,1562941525000,908
2726,138.35146666666665,1562941526000,469
2727,138.35013333333333,1562941527000,317
2728,138.34000666666665,1562941528000,1222
2729,138.341,1562941529000,310
2730,138.3428,1562941530000,172
2731,138.34666666666666,1562941531000,33
2732,138.34383333333332,1562941532000,307
2733,138.34501428571429,1562941533000,403
2734,138.345,1562941534000,200
2735,138.34293333333335,1562941535000,156
2736,138.34833333333333,1562941536000,176
2737,138.3437,1562941537000,1480
2738,138.33249999999998,1562941538000,4261
2739,138.3366,1562941539000,157
2740,138.32166666666666,1562941540000,401
2741,138.402325,1562941541000,238
2742,138.34790714285708,1562941542000,2244
2743,138.351875,1562941543000,1804
2744,138.3653387755102,1562941544000,6606
2745,138.3708333333333,1562941545000,2007
2746,138.37,1562941546000,500
2747,138.3691142857143,1562941547000,423
2748,138.35447857142853,1562941548000,1227
2749,138.34,1562941549000,100
2750,138.34,1562941550000,100
2751,138.34,1562941551000,1469
2752,138.3414,1562941552000,100
2753,138.34071428571426,1562941553000,1096
2754,138.33807,1562941554000,15400
2755,138.33937500000002,1562941555000,511
2756,138.34859999999998,1562941556000,1996
2757,138.36460937500001,1562941557000,4001
2758,138.36333333333334,1562941558000,800
2759,138.37,1562941559000,100
2760,138.36785,1562941560000,6
2761,138.37,1562941561000,11
2762,138.373,1562941562000,257
2763,138.37015,1562941563000,300
2764,138.371,1562941564000,312
2765,138.37312500000002,1562941565000,901
2766,138.3775,1562941566000,600
2767,138.37,1562941567000,200
2768,138.38946808510636,1562941568000,4750
2769,138.39422499999998,1562941569000,2285
2770,138.39249999999998,1562941570000,17
2771,138.3961,1562941571000,1387
2772,138.39499999999998,1562941572000,60
2773,138.3923333333333,1562941573000,135
2774,138.39,1562941574000,405
2775,138.39305000000002,1562941575000,308
2776,138.39,1562941576000,200
2777,138.39841249999998,1562941577000,556
2778,138.39,1562941578000,100
2779,138.395,1562941579000,25
2780,138.39133333333334,1562941580000,690
2781,138.39995789473687,1562941581000,1788
2782,138.3915125,1562941582000,610
2783,138.399,1562941583000,23
2784,138.3892857142857,1562941584000,603
2785,138.3894444444444,1562941585000,1200
2786,138.395,1562941586000,600
2787,138.3901,1562941587000,50
2788,138.39,1562941588000,100
2789,138.40000000000003,1562941589000,1625
2790,138.39,1562941590000,200
2791,138.3977777777778,1562941591000,503
2792,138.385,1562941592000,402
2793,138.38,1562941593000,41
2794,138.38,1562941594000,221
2795,138.36301666666668,1562941595000,360
2796,138.35750000000002,1562941596000,502
2797,138.36102,1562941597000,1253
2798,138.35038000000003,1562941598000,216
2799,138.35,1562941599000,100
2800,138.3519,1562941600000,1
2801,138.35350000000003,1562941601000,5110
2802,138.34999999999997,1562941602000,789
2803,138.342,1562941603000,117
2804,138.34267499999999,1562941604000,115
2805,138.345,1562941605000,1
2806,138.3401,1562941606000,93
2807,138.33944444444444,1562941607000,755
2808,138.32089333333332,1562941608000,527
2809,138.33,1562941609000,300
2810,138.32172352941174,1562941610000,4083
2811,138.31256666666664,1562941611000,971
2812,138.30069137931048,1562941612000,4489
2813,138.31,1562941613000,100
2814,138.30961538461537,1562941614000,1152
2815,138.3138,1562941615000,127
2816,138.3135,1562941616000,2000
2817,138.32,1562941617000,150
2818,138.3092333333333,1562941618000,473
2819,138.30666666666667,1562941619000,237
2820,138.3363461538461,1562941620000,2091
2821,138.35292727272727,1562941621000,1073
2822,138.35,1562941622000,200
2823,138.351,1562941623000,502
2824,138.35,1562941624000,208
2825,138.36,1562941625000,125
2826,138.35500000000002,1562941626000,4
2827,138.35,1562941627000,200
2828,138.35333333333332,1562941628000,360
2829,138.34642857142853,1562941629000,1221
2830,138.3344875,1562941630000,651
2831,138.33636363636361,1562941631000,708
2832,138.34651428571425,1562941632000,3837
