,price,unix_time,volume
0,127.46686818181819,1557150000000,2365
1,127.46895454545455,1557150001000,1123
2,127.44875686274506,1557150002000,4704
3,127.41531250000003,1557150003000,3763
4,127.42218750000002,1557150004000,5195
5,127.39654137931038,1557150005000,2011
6,127.38653000000002,1557150006000,1590
7,127.38939534883727,1557150007000,4354
8,127.38195882352944,1557150008000,2648
9,127.37102727272726,1557150009000,1698
10,127.36178181818181,1557150010000,654
11,127.36739473684209,1557150011000,1239
12,127.40215510204082,1557150012000,4340
13,127.4163157894737,1557150013000,2198
14,127.40531666666665,1557150014000,604
15,127.39333333333333,1557150015000,323
16,127.38408461538461,1557150016000,528
17,127.37751428571428,1557150017000,227
18,127.3933219512195,1557150018000,3605
19,127.39191538461539,1557150019000,1347
20,127.36453846153843,1557150020000,930
21,127.35949999999998,1557150021000,633
22,127.36248,1557150022000,1257
23,127.34814583333333,1557150023000,2537
24,127.33877272727273,1557150024000,1080
25,127.3323888888889,1557150025000,340
26,127.33156000000001,1557150026000,527
27,127.33866666666664,1557150027000,1480
28,127.33755172413792,1557150028000,2526
29,127.32591,1557150029000,3181
30,127.34467878787883,1557150030000,7045
31,127.31093461538461,1557150031000,2539
32,127.31178333333332,1557150032000,1214
33,127.32726428571426,1557150033000,2015
34,127.33741874999998,1557150034000,1092
35,127.34321000000003,1557150035000,1406
36,127.33884444444445,1557150036000,956
37,127.32974999999999,1557150037000,203
38,127.33785714285712,1557150038000,832
39,127.3579125,1557150039000,590
40,127.36537692307687,1557150040000,2210
41,127.3671375,1557150041000,615
42,127.38466428571431,1557150042000,1076
43,127.40360000000004,1557150043000,1814
44,127.36938518518524,1557150044000,2233
45,127.36,1557150045000,800
46,127.35957142857141,1557150046000,498
47,127.35660999999998,1557150047000,622
48,127.39491803278688,1557150048000,6800
49,127.38857142857141,1557150049000,552
50,127.40775000000001,1557150050000,1769
51,127.42156875000003,1557150051000,2309
52,127.43857142857145,1557150052000,512
53,127.4196555555556,1557150053000,1768
54,127.43166666666667,1557150054000,179
55,127.43730000000002,1557150055000,693
56,127.42082916666665,1557150056000,2575
57,127.43666666666665,1557150057000,303
58,127.44606666666665,1557150058000,142
59,127.43873333333335,1557150059000,1406
60,127.42489583333337,1557150060000,3188
61,127.43507333333336,1557150061000,913
62,127.43250769230772,1557150062000,1079
63,127.42067187500004,1557150063000,10168
64,127.41724444444442,1557150064000,690
65,127.4015051546391,1557150065000,10985
66,127.40831636363627,1557150066000,5945
67,127.37447200000001,1557150067000,2506
68,127.35764999999996,1557150068000,2293
69,127.34943599999997,1557150069000,2768
70,127.35613333333333,1557150070000,70
71,127.37022499999999,1557150071000,4087
72,127.41181224489792,1557150072000,10265
73,127.43423461538463,1557150073000,2551
74,127.41616000000002,1557150074000,1014
75,127.4134564102564,1557150075000,4044
76,127.43707500000002,1557150076000,202
77,127.43663333333332,1557150077000,156
78,127.42543749999997,1557150078000,2295
79,127.43118571428569,1557150079000,556
80,127.427,1557150080000,229
81,127.43784615384615,1557150081000,2040
82,127.43708333333332,1557150082000,1207
83,127.41774749999999,1557150083000,3699
84,127.42176274509809,1557150084000,6955
85,127.44100000000003,1557150085000,1135
86,127.45636363636362,1557150086000,3567
87,127.448125,1557150087000,506
88,127.42513333333333,1557150088000,511
89,127.42336666666667,1557150089000,2019
90,127.41722222222224,1557150090000,6733
91,127.41754,1557150091000,675
92,127.41664285714285,1557150092000,519
93,127.41616249999998,1557150093000,1553
94,127.41553157894741,1557150094000,2552
95,127.43,1557150095000,1
96,127.4356235294118,1557150096000,2534
97,127.44819411764708,1557150097000,1340
98,127.45118333333333,1557150098000,615
99,127.46178,1557150099000,3102
100,127.4724888888889,1557150100000,587
101,127.4927814814815,1557150101000,3631
102,127.50319999999999,1557150102000,28
103,127.50110714285714,1557150103000,2327
104,127.51640000000002,1557150104000,2105
105,127.52239999999999,1557150105000,118
106,127.52093333333333,1557150106000,503
107,127.52,1557150107000,400
108,127.52575999999999,1557150108000,212
109,127.52131621621625,1557150109000,3500
110,127.52777777777777,1557150110000,1069
111,127.5628571428571,1557150111000,3087
112,127.56416666666662,1557150112000,1185
113,127.5506375,1557150113000,2491
114,127.57091428571428,1557150114000,476
115,127.572625,1557150115000,800
116,127.58158333333334,1557150116000,421
117,127.58054000000001,1557150117000,682
118,127.58531818181818,1557150118000,2454
119,127.58780967741936,1557150119000,1904
120,127.57167564102562,1557150120000,7142
121,127.57204999999999,1557150121000,34
122,127.56955416666669,1557150122000,2796
123,127.56901249999999,1557150123000,1318
124,127.56505454545453,1557150124000,446
125,127.55735000000001,1557150125000,485
126,127.5578571428571,1557150126000,2129
127,127.56265666666664,1557150127000,3518
128,127.55719090909092,1557150128000,1202
129,127.55369130434788,1557150129000,1433
130,127.53612608695654,1557150130000,1751
131,127.53453749999998,1557150131000,2376
132,127.54365000000001,1557150132000,500
133,127.54333333333336,1557150133000,2668
134,127.51172400000009,1557150134000,5671
135,127.5190041666667,1557150135000,1540
136,127.54963571428571,1557150136000,2826
137,127.54778888888887,1557150137000,597
138,127.52997666666671,1557150138000,4418
139,127.51657777777778,1557150139000,1522
140,127.51303333333334,1557150140000,469
141,127.523,1557150141000,828
142,127.53128076923078,1557150142000,1883
143,127.53625,1557150143000,650
144,127.51796428571431,1557150144000,3504
145,127.485455,1557150145000,1478
146,127.45819599999996,1557150146000,3084
147,127.45356250000002,1557150147000,1837
148,127.45747619047621,1557150148000,1699
149,127.46991111111113,1557150149000,978
150,127.49154285714285,1557150150000,1545
151,127.48378620689631,1557150151000,10545
152,127.45781481481482,1557150152000,4720
153,127.45620666666667,1557150153000,944
154,127.45799600000002,1557150154000,2479
155,127.45234,1557150155000,3299
156,127.45078125000002,1557150156000,1940
157,127.45115000000001,1557150157000,821
158,127.46659999999996,1557150158000,2019
159,127.46916666666668,1557150159000,650
160,127.4786347826087,1557150160000,1739
161,127.46809615384616,1557150161000,2133
162,127.45508571428572,1557150162000,2896
163,127.4617,1557150163000,588
164,127.46400000000001,1557150164000,235
165,127.47306666666668,1557150165000,1404
166,127.48780000000001,1557150166000,750
167,127.47677096774193,1557150167000,3035
168,127.47388333333332,1557150168000,1270
169,127.4765,1557150169000,75
170,127.47348888888888,1557150170000,1465
171,127.45937,1557150171000,1626
172,127.45494375,1557150172000,740
173,127.45650000000003,1557150173000,1952
174,127.45543000000002,1557150174000,1304
175,127.45215625000002,1557150175000,1481
176,127.4580043478261,1557150176000,3002
177,127.45991666666667,1557150177000,252
178,127.46,1557150178000,1341
179,127.45375714285714,1557150179000,612
180,127.45409090909088,1557150180000,3883
181,127.47246744186046,1557150181000,3940
182,127.51183333333334,1557150182000,286
183,127.52565333333334,1557150183000,1509
184,127.53051333333332,1557150184000,1510
185,127.52599130434781,1557150185000,2062
186,127.54511250000003,1557150186000,8716
187,127.54,1557150187000,226
188,127.50760000000005,1557150188000,2076
189,127.50750000000001,1557150189000,1000
190,127.5048,1557150190000,370
191,127.48587592592591,1557150191000,5948
192,127.4657142857143,1557150192000,430
193,127.46066000000002,1557150193000,1046
194,127.4699,1557150194000,10
195,127.47226842105262,1557150195000,1594
196,127.48921578947365,1557150196000,1047
197,127.48734285714285,1557150197000,1610
198,127.48222222222222,1557150198000,879
199,127.46520000000002,1557150199000,1945
200,127.46180000000003,1557150200000,998
201,127.46441000000002,1557150201000,402
202,127.49013720930232,1557150202000,3924
203,127.485,1557150203000,302
204,127.4882625,1557150204000,860
205,127.49420526315788,1557150205000,2880
206,127.49459999999999,1557150206000,451
207,127.4811111111111,1557150207000,762
208,127.46929999999999,1557150208000,1438
209,127.46857272727274,1557150209000,2377
210,127.48743529411765,1557150210000,1412
211,127.48663333333333,1557150211000,423
212,127.52053013698635,1557150212000,7659
213,127.53293749999999,1557150213000,599
214,127.52437499999999,1557150214000,1699
215,127.53103000000004,1557150215000,4094
216,127.53,1557150216000,31
217,127.525,1557150217000,1
218,127.52250000000001,1557150218000,253
219,127.53435862068969,1557150219000,4784
220,127.57782,1557150220000,2140
221,127.57349500000001,1557150221000,2620
222,127.57418333333334,1557150222000,232
223,127.57928571428572,1557150223000,1104
224,127.58604444444444,1557150224000,423
225,127.59796086956517,1557150225000,5197
226,127.60995333333332,1557150226000,1469
227,127.6089125,1557150227000,565
228,127.61702857142853,1557150228000,1562
229,127.60972499999995,1557150229000,2884
230,127.60498275862071,1557150230000,9904
231,127.59952352941173,1557150231000,3038
232,127.57299999999991,1557150232000,5610
233,127.57896153846151,1557150233000,758
234,127.60351999999999,1557150234000,836
235,127.63590909090914,1557150235000,1901
236,127.65239655172415,1557150236000,7510
237,127.64909090909092,1557150237000,580
238,127.66546086956524,1557150238000,2350
239,127.64484,1557150239000,259
240,127.64662500000004,1557150240000,822
241,127.67469999999999,1557150241000,967
242,127.67423333333333,1557150242000,1060
243,127.67928235294119,1557150243000,1510
244,127.68107368421055,1557150244000,2043
245,127.6870727272727,1557150245000,1564
246,127.66703749999999,1557150246000,2352
247,127.61803023255813,1557150247000,3127
248,127.62605,1557150248000,137
249,127.6407257142857,1557150249000,10983
250,127.6264375,1557150250000,334
251,127.58777380952378,1557150251000,4568
252,127.5743909090909,1557150252000,628
253,127.58141428571427,1557150253000,410
254,127.59519374999996,1557150254000,1348
255,127.62298000000001,1557150255000,803
256,127.62782857142858,1557150256000,256
257,127.6298,1557150257000,5
258,127.6281411764706,1557150258000,1159
259,127.61949600000001,1557150259000,2397
260,127.6155,1557150260000,1084
261,127.62,1557150261000,703
262,127.61516666666668,1557150262000,691
263,127.61363888888884,1557150263000,1228
264,127.60601,1557150264000,1608
265,127.6132,1557150265000,119
266,127.62333333333336,1557150266000,2175
267,127.63434999999998,1557150267000,702
268,127.62992666666669,1557150268000,1419
269,127.61510000000001,1557150269000,250
270,127.62607826086958,1557150270000,3644
271,127.62964615384615,1557150271000,1489
272,127.63845555555554,1557150272000,546
273,127.635,1557150273000,235
274,127.6122896551724,1557150274000,3619
275,127.5775,1557150275000,2647
276,127.54636111111111,1557150276000,1209
277,127.53773958333336,1557150277000,4578
278,127.53758,1557150278000,130
279,127.54974999999999,1557150279000,22
280,127.53536666666668,1557150280000,320
281,127.50939117647059,1557150281000,2273
282,127.49166666666666,1557150282000,1412
283,127.49206666666667,1557150283000,452
284,127.48307692307687,1557150284000,2964
285,127.50746666666669,1557150285000,1946
286,127.27739999999999,1557150286000,119
287,127.51633333333332,1557150287000,167
288,127.51826666666666,1557150288000,576
289,127.50902692307696,1557150289000,5552
290,127.50571875,1557150290000,1144
291,127.50275714285715,1557150291000,659
292,127.5012625,1557150292000,861
293,127.5114375,1557150293000,1819
294,127.51213461538465,1557150294000,1408
295,127.50424000000001,1557150295000,360
296,127.50928823529412,1557150296000,1233
297,127.51336666666667,1557150297000,17
298,127.5155,1557150298000,64
299,127.52098400000014,1557150299000,4873
300,127.49298571428557,1557150300000,8972
301,127.4821,1557150301000,120
302,127.49125714285715,1557150302000,676
303,127.5175,1557150303000,3580
304,127.55349999999999,1557150304000,615
305,127.57153333333333,1557150305000,370
306,127.59027058823528,1557150306000,2476
307,127.5867111111111,1557150307000,1256
308,127.58891666666666,1557150308000,329
309,127.58595,1557150309000,237
310,127.57207037037035,1557150310000,2054
311,127.5548,1557150311000,236
312,127.52445,1557150312000,259
313,127.5221,1557150313000,1165
314,127.52071428571428,1557150314000,515
315,127.54157619047618,1557150315000,1801
316,127.54371428571427,1557150316000,2131
317,127.54006470588234,1557150317000,1395
318,127.54,1557150318000,5
319,127.51017857142858,1557150319000,1813
320,127.53355,1557150320000,506
321,127.54124999999999,1557150321000,517
322,127.55442857142855,1557150322000,516
323,127.541,1557150323000,923
324,127.55749999999999,1557150324000,744
325,127.57597931034482,1557150325000,3612
326,127.58129999999998,1557150326000,316
327,127.58532857142859,1557150327000,707
328,127.59166666666667,1557150328000,1948
329,127.59956666666666,1557150329000,527
330,127.62,1557150330000,200
331,127.60711666666667,1557150331000,968
332,127.58008181818181,1557150332000,1039
333,127.563025,1557150333000,83
334,127.56,1557150334000,100
335,127.56,1557150335000,1
336,127.56428571428569,1557150336000,700
337,127.58113333333336,1557150337000,7126
338,127.61138571428573,1557150338000,2602
339,127.63347826086957,1557150339000,2098
340,127.62995000000001,1557150340000,142
341,127.6140423076923,1557150341000,3166
342,127.60933,1557150342000,731
343,127.59884615384618,1557150343000,2245
344,127.61410000000001,1557150344000,84
345,127.6205727272727,1557150345000,689
346,127.63246551724139,1557150346000,2630
347,127.62387272727273,1557150347000,2233
348,127.62,1557150348000,10
349,127.62795000000001,1557150349000,927
350,127.61564117647062,1557150350000,2931
351,127.59575000000001,1557150351000,97
352,127.58893750000001,1557150352000,2612
353,127.59660499999998,1557150353000,2632
354,127.61,1557150354000,301
355,127.618,1557150355000,58
356,127.62318333333333,1557150356000,181
357,127.625,1557150357000,2
358,127.61475000000003,1557150358000,903
359,127.62208333333335,1557150359000,1093
360,127.62111111111113,1557150360000,786
361,127.59444444444446,1557150361000,610
362,127.59616666666666,1557150362000,139
363,127.56979999999999,1557150363000,1744
364,127.56599999999999,1557150364000,780
365,127.58357142857143,1557150365000,488
366,127.59033333333333,1557150366000,464
367,127.59599499999999,1557150367000,1578
368,127.5715,1557150368000,452
369,127.5633333333333,1557150369000,860
370,127.57315,1557150370000,52
371,127.56666666666663,1557150371000,798
372,127.56003124999997,1557150372000,1606
373,127.56333333333333,1557150373000,141
374,127.56349230769229,1557150374000,1152
375,127.55375,1557150375000,128
376,127.564,1557150376000,20
377,127.56348749999998,1557150377000,694
378,127.56527999999999,1557150378000,170
379,127.4712333333333,1557150379000,822
380,127.57833333333335,1557150380000,669
381,127.5798,1557150381000,1276
382,127.5798,1557150382000,397
383,127.57,1557150383000,583
384,127.56567857142855,1557150384000,1542
385,127.5685,1557150385000,250
386,127.55999999999999,1557150386000,227
387,127.5542857142857,1557150387000,307
388,127.55092727272726,1557150388000,984
389,127.54974999999999,1557150389000,44
390,127.56369999999997,1557150390000,657
391,127.57487499999999,1557150391000,90
392,127.57031999999998,1557150392000,1992
393,127.57169999999999,1557150393000,857
394,127.57950000000001,1557150394000,785
395,127.58476666666667,1557150395000,313
396,127.58874999999999,1557150396000,119
397,127.5882,1557150397000,3
398,127.57633750000001,1557150398000,2355
399,127.56996666666667,1557150399000,406
400,127.56018461538461,1557150400000,1300
401,127.547484,1557150401000,1674
402,127.55222499999999,1557150402000,111
403,127.55,1557150403000,199
404,127.54,1557150404000,100
405,127.52678333333334,1557150405000,1090
406,127.51216000000002,1557150406000,1415
407,127.52232173913049,1557150407000,2380
408,127.52276071428578,1557150408000,2411
409,127.50745833333333,1557150409000,534
410,127.52,1557150410000,100
411,127.52615384615385,1557150411000,1130
412,127.51095555555555,1557150412000,854
413,127.50076153846152,1557150413000,1684
414,127.5015,1557150414000,192
415,127.49827777777779,1557150415000,1355
416,127.48505909090909,1557150416000,3413
417,127.4718227272727,1557150417000,2080
418,127.46686666666665,1557150418000,2458
419,127.47319655172417,1557150419000,2984
420,127.45851216216218,1557150420000,7191
421,127.44,1557150421000,200
422,127.42995714285713,1557150422000,570
423,127.40811249999992,1557150423000,3968
424,127.40499999999999,1557150424000,490
425,127.433241025641,1557150425000,5254
426,127.35310666666669,1557150426000,1348
427,127.40073199999993,1557150427000,7381
428,127.40578947368424,1557150428000,1825
429,127.40376666666667,1557150429000,622
430,127.27812499999999,1557150430000,203
431,127.416,1557150431000,983
432,127.43006666666668,1557150432000,1126
433,127.42756,1557150433000,783
434,127.425875,1557150434000,96
435,127.42178571428573,1557150435000,1026
436,127.42288,1557150436000,440
437,127.44217916666666,1557150437000,2679
438,127.46168571428572,1557150438000,533
439,127.468625,1557150439000,229
440,127.48299999999998,1557150440000,14200
441,127.4766,1557150441000,478
442,127.45999629629627,1557150442000,2102
443,127.43344444444448,1557150443000,547
444,127.43228571428573,1557150444000,402
445,127.4230863636364,1557150445000,2250
446,127.39856875000002,1557150446000,1218
447,127.40000000000002,1557150447000,1406
448,127.3907730769231,1557150448000,4278
449,127.40793999999998,1557150449000,974
450,127.40892500000002,1557150450000,1473
451,127.39480833333336,1557150451000,3480
452,127.387,1557150452000,409
453,127.38543333333332,1557150453000,1165
454,127.38485833333333,1557150454000,1209
455,127.36752999999995,1557150455000,3721
456,127.3675,1557150456000,507
457,127.35791818181819,1557150457000,1777
458,127.34975333333331,1557150458000,1032
459,127.35358571428573,1557150459000,4325
460,127.34908571428572,1557150460000,2252
461,127.3532375,1557150461000,1140
462,127.36,1557150462000,740
463,127.36,1557150463000,100
464,127.3643,1557150464000,90
465,127.2980176470588,1557150465000,860
466,127.34375,1557150466000,171
467,127.33288799999997,1557150467000,5638
468,127.33616666666667,1557150468000,77
469,127.32160399999997,1557150469000,3005
470,127.31203333333332,1557150470000,902
471,127.304,1557150471000,1300
472,127.29875000000004,1557150472000,5234
473,127.28897692307692,1557150473000,1082
474,127.27725000000001,1557150474000,501
475,127.27018571428572,1557150475000,384
476,127.28401818181815,1557150476000,2060
477,127.29011428571428,1557150477000,650
478,127.28615384615384,1557150478000,1881
479,127.28261818181818,1557150479000,843
480,127.29394210526317,1557150480000,1764
481,127.29788888888886,1557150481000,1067
482,127.3031222222222,1557150482000,723
483,127.10799999999999,1557150483000,1201
484,127.3025,1557150484000,1600
485,127.3,1557150485000,100
486,127.3076081632653,1557150486000,4420
487,127.32339090909092,1557150487000,1325
488,127.33810344827585,1557150488000,3248
489,127.35520833333328,1557150489000,2497
490,127.35095454545454,1557150490000,719
491,127.34689285714285,1557150491000,940
492,127.33700000000002,1557150492000,1391
493,127.33529411764705,1557150493000,1340
494,127.30933999999998,1557150494000,1938
495,127.30310000000001,1557150495000,12105
496,127.30961538461536,1557150496000,1002
497,127.29937499999997,1557150497000,1527
498,127.30166666666666,1557150498000,103
499,127.30642857142857,1557150499000,332
500,127.28004000000011,1557150500000,7075
501,127.27333333333334,1557150501000,1299
502,127.26474999999999,1557150502000,117
503,127.25428214285714,1557150503000,3001
504,127.24666666666667,1557150504000,727
505,127.25329411764706,1557150505000,1185
506,127.25089523809521,1557150506000,2780
507,127.26333333333332,1557150507000,718
508,127.25758378378382,1557150508000,4310
509,127.25489999999999,1557150509000,168
510,127.260975,1557150510000,144
511,127.24392857142857,1557150511000,1985
512,127.25416666666666,1557150512000,821
513,127.26900000000003,1557150513000,2883
514,127.2561777777778,1557150514000,1069
515,127.24158461538462,1557150515000,525
516,127.23166470588237,1557150516000,1595
517,127.24627500000001,1557150517000,968
518,127.24693333333335,1557150518000,197
519,127.24955555555556,1557150519000,333
520,127.26103333333334,1557150520000,1269
521,127.25,1557150521000,35
522,127.23892000000001,1557150522000,383
523,127.22232558139522,1557150523000,4096
524,127.22843333333333,1557150524000,2015
525,127.22759999999998,1557150525000,208
526,127.24681818181816,1557150526000,3641
527,127.264,1557150527000,1073
528,127.28229999999999,1557150528000,88
529,127.2795888888889,1557150529000,614
530,127.28258333333332,1557150530000,273
531,127.27418333333333,1557150531000,2590
532,127.31361666666668,1557150532000,236
533,127.261,1557150533000,50
534,127.26188235294119,1557150534000,1844
535,127.26933333333334,1557150535000,1301
536,127.27794999999999,1557150536000,960
537,127.29,1557150537000,165
538,127.27856923076921,1557150538000,878
539,127.2757,1557150539000,2208
540,127.28358636363636,1557150540000,2959
541,127.29201450381667,1557150541000,16888
542,127.30841578947366,1557150542000,2491
543,127.31495238095238,1557150543000,1301
544,127.33083333333333,1557150544000,413
545,127.32522499999997,1557150545000,1757
546,127.31694411764708,1557150546000,1925
547,127.29949310344834,1557150547000,2203
548,127.29333333333334,1557150548000,1361
549,127.276375,1557150549000,33
550,127.27618333333334,1557150550000,346
551,127.26174166666668,1557150551000,831
552,127.26255,1557150552000,724
553,127.26429999999999,1557150553000,300
554,127.26,1557150554000,161
555,127.26325,1557150555000,433
556,127.27839285714289,1557150556000,2033
557,127.278675,1557150557000,4181
558,127.28142857142856,1557150558000,495
559,127.30086363636362,1557150559000,1151
560,127.30049999999999,1557150560000,951
561,127.29179166666665,1557150561000,682
562,127.29075454545453,1557150562000,802
563,127.29495,1557150563000,112
564,127.3,1557150564000,126
565,127.29199999999997,1557150565000,1039
566,127.29137241379308,1557150566000,1961
567,127.28990000000002,1557150567000,301
568,127.2905,1557150568000,4
569,127.3,1557150569000,100
570,127.30115909090905,1557150570000,1800
571,127.31526470588233,1557150571000,1985
572,127.34160000000001,1557150572000,1282
573,127.35055555555556,1557150573000,497
574,127.3405405405405,1557150574000,3216
575,127.31048999999999,1557150575000,1491
576,127.28592592592595,1557150576000,2098
577,127.27042,1557150577000,1099
578,127.26092941176469,1557150578000,4024
579,127.23813725490186,1557150579000,3858
580,127.20891276595738,1557150580000,4975
581,127.21500000000002,1557150581000,508
582,127.22035000000001,1557150582000,1141
583,127.22613333333334,1557150583000,188
584,127.2218625,1557150584000,511
585,127.22909090909091,1557150585000,1031
586,127.2385,1557150586000,261
587,127.23,1557150587000,355
588,127.22350000000002,1557150588000,922
589,127.22174499999998,1557150589000,1298
590,127.22,1557150590000,15
591,127.2234,1557150591000,50
592,127.2232,1557150592000,50
593,127.23,1557150593000,100
594,127.23430666666665,1557150594000,1147
595,127.22454545454542,1557150595000,1619
596,127.21693333333336,1557150596000,1425
597,127.2181,1557150597000,1248
598,127.22135454545456,1557150598000,672
599,127.23139499999999,1557150599000,1879
600,127.19949880952369,1557150600000,7900
601,127.20000000000002,1557150601000,542
602,127.196,1557150602000,1126
603,127.18853913043476,1557150603000,2435
604,127.18969999999999,1557150604000,483
605,127.19000000000003,1557150605000,864
606,127.18909090909095,1557150606000,1097
607,127.18965555555558,1557150607000,1130
608,127.17464285714289,1557150608000,2946
609,127.16142857142856,1557150609000,618
610,127.15478095238099,1557150610000,2285
611,127.15291666666667,1557150611000,251
612,127.15500000000002,1557150612000,133
613,127.159,1557150613000,18
614,127.1661315789474,1557150614000,2430
615,127.17131666666667,1557150615000,1260
616,127.16264677419345,1557150616000,7335
617,127.16375,1557150617000,223
618,127.17212857142856,1557150618000,421
619,127.17084285714284,1557150619000,3351
620,127.15833333333332,1557150620000,258
621,127.15026315789476,1557150621000,1522
622,127.1590818181818,1557150622000,1034
623,127.16710000000002,1557150623000,3019
624,127.15151515151521,1557150624000,3055
625,127.14830243902443,1557150625000,6665
626,127.13100000000001,1557150626000,1100
627,127.12594615384614,1557150627000,2749
628,127.1257222222222,1557150628000,1199
629,127.11951666666668,1557150629000,366
630,127.10389062499995,1557150630000,3760
631,127.10833333333333,1557150631000,533
632,127.09871666666665,1557150632000,712
633,127.10938333333333,1557150633000,4183
634,127.11938124999998,1557150634000,1352
635,127.10645744680846,1557150635000,4092
636,127.09750000000001,1557150636000,362
637,127.0985,1557150637000,110
638,127.09999999999998,1557150638000,793
639,127.09540000000001,1557150639000,1175
640,127.1,1557150640000,100
641,127.1012,1557150641000,200
642,127.10944444444446,1557150642000,2752
643,127.113325,1557150643000,364
644,127.11375000000001,1557150644000,425
645,127.11021111111111,1557150645000,609
646,127.13105882352936,1557150646000,9967
647,127.15970588235298,1557150647000,1853
648,127.15919999999998,1557150648000,475
649,127.17049999999999,1557150649000,615
650,127.17905000000005,1557150650000,1373
651,127.1866,1557150651000,50
652,127.18872857142858,1557150652000,683
653,127.20250000000001,1557150653000,4773
654,127.20949999999999,1557150654000,300
655,127.20263157894736,1557150655000,1731
656,127.19998571428573,1557150656000,411
657,127.2002,1557150657000,370
658,127.18916666666667,1557150658000,115
659,127.18415,1557150659000,240
660,127.19500000000002,1557150660000,1386
661,127.19,1557150661000,1
662,127.19982857142857,1557150662000,1971
663,127.19953000000002,1557150663000,2102
664,127.2,1557150664000,100
665,127.20000000000002,1557150665000,711
666,127.18592592592593,1557150666000,2298
667,127.18981818181823,1557150667000,1880
668,127.18666666666668,1557150668000,173
669,127.185625,1557150669000,488
670,127.18032500000001,1557150670000,343
671,127.16679310344823,1557150671000,2334
672,127.16180833333335,1557150672000,1554
673,127.17934375000004,1557150673000,1365
674,127.1872,1557150674000,166
675,127.17736190476191,1557150675000,1347
676,127.18386363636364,1557150676000,1506
677,127.17918181818185,1557150677000,968
678,127.18868800000004,1557150678000,754
679,127.19346666666662,1557150679000,2003
680,127.19767999999999,1557150680000,730
681,127.19975,1557150681000,60
682,127.2105555555555,1557150682000,2933
683,127.24297297297292,1557150683000,1625
684,127.27708333333332,1557150684000,927
685,127.2973846153846,1557150685000,2507
686,127.30416249999999,1557150686000,603
687,127.29495000000007,1557150687000,5364
688,127.28749130434781,1557150688000,2352
689,127.30134666666665,1557150689000,516
690,127.29127142857143,1557150690000,243
691,127.29679285714283,1557150691000,427
692,127.29683999999997,1557150692000,697
693,127.29682105263156,1557150693000,1857
694,127.29866999999999,1557150694000,1077
695,127.29896785714287,1557150695000,3353
696,127.29907999999998,1557150696000,1996
697,127.28124999999999,1557150697000,3274
698,127.26536666666665,1557150698000,50
699,127.25998,1557150699000,345
700,127.25493684210527,1557150700000,1318
701,127.25999999999999,1557150701000,305
702,127.25029761904764,1557150702000,3304
703,127.24595,1557150703000,250
704,127.2499,1557150704000,2
705,127.247675,1557150705000,1055
706,127.2441,1557150706000,701
707,127.24093333333333,1557150707000,1207
708,127.234025,1557150708000,2350
709,127.24994285714293,1557150709000,2563
710,127.26325999999999,1557150710000,263
711,127.27,1557150711000,11
712,127.27,1557150712000,615
713,127.28500000000001,1557150713000,445
714,127.15265714285714,1557150714000,248
715,127.28972222222221,1557150715000,941
716,127.28975000000001,1557150716000,800
717,127.29165555555556,1557150717000,281
718,127.2925,1557150718000,170
719,127.2978,1557150719000,100
720,127.29221904761904,1557150720000,1253
721,127.28926562499998,1557150721000,1796
722,127.2952,1557150722000,138
723,127.2951,1557150723000,171
724,127.2995,1557150724000,10
725,127.30403999999999,1557150725000,3236
726,127.3141333333333,1557150726000,563
727,127.32014,1557150727000,1589
728,127.32104166666664,1557150728000,2291
729,127.33324999999994,1557150729000,4736
730,127.34862499999998,1557150730000,1086
731,127.35903333333334,1557150731000,317
732,127.35499999999999,1557150732000,14
733,127.35499999999996,1557150733000,2835
734,127.3452,1557150734000,1011
735,127.33968181818182,1557150735000,429
736,127.33333333333333,1557150736000,1703
737,127.33875,1557150737000,332
738,127.327625,1557150738000,749
739,127.33,1557150739000,25
740,127.328,1557150740000,13
741,127.3295,1557150741000,1
742,127.33145999999999,1557150742000,793
743,127.32991428571428,1557150743000,520
744,127.33,1557150744000,52
745,127.31811428571424,1557150745000,896
746,127.31736666666666,1557150746000,422
747,127.31996666666667,1557150747000,203
748,127.3196,1557150748000,120
749,127.32283333333332,1557150749000,157
750,127.32937499999997,1557150750000,1956
751,127.3299,1557150751000,1
752,127.325,1557150752000,1000
753,127.32787142857144,1557150753000,1742
754,127.32000000000004,1557150754000,2423
755,127.29863043478262,1557150755000,2428
756,127.29332352941174,1557150756000,1463
757,127.29165,1557150757000,375
758,127.2968,1557150758000,475
759,127.29137777777777,1557150759000,490
760,127.28980000000001,1557150760000,270
761,127.29,1557150761000,21
762,127.2949,1557150762000,90
763,127.29287500000001,1557150763000,409
764,127.2992857142857,1557150764000,400
765,127.2962,1557150765000,154
766,127.29154090909088,1557150766000,1532
767,127.27281904761908,1557150767000,2991
768,127.25065294117645,1557150768000,1757
769,127.25200000000008,1557150769000,2216
770,127.265,1557150770000,174
771,127.27888749999998,1557150771000,1187
772,127.27608333333332,1557150772000,426
773,127.27369999999999,1557150773000,1410
774,127.28,1557150774000,233
775,127.27797692307692,1557150775000,1724
776,127.28772727272727,1557150776000,619
777,127.28556249999998,1557150777000,317
778,127.29,1557150778000,200
779,127.28083636363637,1557150779000,1321
780,127.27934166666665,1557150780000,1153
781,127.29645185185188,1557150781000,2920
782,127.31197999999999,1557150782000,248
783,127.31965517241382,1557150783000,3276
784,127.3199,1557150784000,12
785,127.3095,1557150785000,198
786,127.3097111111111,1557150786000,551
787,127.316575,1557150787000,1351
788,127.31778,1557150788000,291
789,127.3195833333333,1557150789000,1830
790,127.31889999999999,1557150790000,723
791,127.31016666666663,1557150791000,2532
792,127.31117058823526,1557150792000,522
793,127.3095,1557150793000,2802
794,127.31626734693872,1557150794000,4666
795,127.32975,1557150795000,325
796,127.32402187500001,1557150796000,3178
797,127.31039655172411,1557150797000,3096
798,127.29864583333342,1557150798000,6746
799,127.32692727272727,1557150799000,603
800,127.32611111111116,1557150800000,3316
801,127.31142857142858,1557150801000,1200
802,127.29161290322581,1557150802000,2845
803,127.30573636363633,1557150803000,520
804,127.315,1557150804000,3
805,127.3113,1557150805000,662
806,127.31,1557150806000,100
807,127.31,1557150807000,540
808,127.30900000000001,1557150808000,345
809,127.31275714285717,1557150809000,2860
810,127.29557777777778,1557150810000,719
811,127.2781818181818,1557150811000,1073
812,127.27867999999998,1557150812000,257
813,127.27857142857142,1557150813000,787
814,127.26375,1557150814000,1283
815,127.27,1557150815000,100
816,127.26916666666666,1557150816000,897
817,127.24976896551723,1557150817000,2851
818,127.22123000000002,1557150818000,1973
819,127.22272727272728,1557150819000,2291
820,127.23472222222222,1557150820000,1789
821,127.2052499999999,1557150821000,9242
822,127.19100000000002,1557150822000,654
823,127.18083333333337,1557150823000,1573
824,127.17624,1557150824000,401
825,127.165,1557150825000,407
826,127.16973333333334,1557150826000,1255
827,127.18350000000001,1557150827000,1155
828,127.18725714285713,1557150828000,607
829,127.2011363636364,1557150829000,2251
830,127.21,1557150830000,100
831,127.20363636363639,1557150831000,1100
832,127.20040500000002,1557150832000,1964
833,127.20666666666666,1557150833000,170
834,127.19996666666667,1557150834000,172
835,127.17864864864869,1557150835000,4002
836,127.16583750000001,1557150836000,1138
837,127.18285714285717,1557150837000,590
838,127.2,1557150838000,68
839,127.2,1557150839000,500
840,127.19585000000001,1557150840000,106
841,127.19932142857145,1557150841000,1359
842,127.19687500000003,1557150842000,1114
843,127.19035000000004,1557150843000,917
844,127.1999,1557150844000,502
845,127.21000000000002,1557150845000,701
846,127.218,1557150846000,438
847,127.22141818181808,1557150847000,2603
848,127.22130000000001,1557150848000,1457
849,127.20791666666663,1557150849000,2854
850,127.21875333333335,1557150850000,1271
851,127.21937500000001,1557150851000,1103
852,127.24157894736842,1557150852000,2661
853,127.26,1557150853000,97
854,127.2683,1557150854000,230
855,127.27165833333333,1557150855000,1162
856,127.28052941176469,1557150856000,1459
857,127.2787909090909,1557150857000,1248
858,127.26977499999998,1557150858000,2557
859,127.26955555555554,1557150859000,554
860,127.27770999999998,1557150860000,869
861,127.26696400000003,1557150861000,2649
862,127.2625,1557150862000,736
863,127.26,1557150863000,203
864,127.26643333333334,1557150864000,41
865,127.27000000000001,1557150865000,577
866,127.2675,1557150866000,140
867,127.26627906976752,1557150867000,4747
868,127.24666666666661,1557150868000,1900
869,127.23035416666666,1557150869000,2966
870,127.22752499999999,1557150870000,890
871,127.21985957446809,1557150871000,4513
872,127.20947777777779,1557150872000,2043
873,127.234907377049,1557150873000,17443
874,127.22390000000001,1557150874000,1258
875,127.24244705882353,1557150875000,1218
876,127.25880000000001,1557150876000,112
877,127.25,1557150877000,1200
878,127.24085,1557150878000,927
879,127.25181818181818,1557150879000,1020
880,127.26956249999999,1557150880000,516
881,127.27055,1557150881000,51
882,127.26533333333333,1557150882000,1502
883,127.23812608695653,1557150883000,1512
884,127.22,1557150884000,67
885,127.23142857142857,1557150885000,2010
886,127.25813333333333,1557150886000,267
887,127.26206666666667,1557150887000,511
888,127.25818181818182,1557150888000,1768
889,127.2569117647059,1557150889000,4144
890,127.26219,1557150890000,1009
891,127.26333333333339,1557150891000,2700
892,127.26205999999999,1557150892000,500
893,127.27356428571429,1557150893000,988
894,127.2712857142857,1557150894000,611
895,127.26794285714286,1557150895000,481
896,127.2590625,1557150896000,2329
897,127.25648260869563,1557150897000,4641
898,127.24194545454544,1557150898000,623
899,127.245,1557150899000,135
900,127.24075599999993,1557150900000,2187
901,127.24,1557150901000,1129
902,127.25342173913043,1557150902000,2407
903,127.26452499999999,1557150903000,848
904,127.2663,1557150904000,200
905,127.27503333333334,1557150905000,1344
906,127.2665146341464,1557150906000,4349
907,127.24745645161286,1557150907000,8473
908,127.25203333333336,1557150908000,2150
909,127.25857142857144,1557150909000,475
910,127.2832947368421,1557150910000,1381
911,127.29181818181816,1557150911000,860
912,127.29285714285713,1557150912000,202
913,127.31334999999999,1557150913000,1491
914,127.30463333333331,1557150914000,1512
915,127.29,1557150915000,200
916,127.29834285714286,1557150916000,594
917,127.29086956521738,1557150917000,2405
918,127.2918,1557150918000,838
919,127.29839999999999,1557150919000,75
920,127.29333653846159,1557150920000,20124
921,127.29966666666667,1557150921000,18
922,127.28999999999998,1557150922000,3375
923,127.30478541666677,1557150923000,6220
924,127.30516874999996,1557150924000,2023
925,127.3110714285714,1557150925000,1581
926,127.30666666666667,1557150926000,250
927,127.30993749999999,1557150927000,357
928,127.31739285714286,1557150928000,5053
929,127.32524999999998,1557150929000,1312
930,127.30045000000005,1557150930000,8113
931,127.28875,1557150931000,303
932,127.28499999999998,1557150932000,610
933,127.28535714285714,1557150933000,1756
934,127.28269999999999,1557150934000,1562
935,127.28115909090913,1557150935000,2173
936,127.29083333333334,1557150936000,700
937,127.29227500000002,1557150937000,520
938,127.29639999999999,1557150938000,492
939,127.30571428571425,1557150939000,1216
940,127.31264999999999,1557150940000,68
941,127.31336249999998,1557150941000,1264
942,127.31,1557150942000,33
943,127.31925,1557150943000,903
944,127.31790624999996,1557150944000,1414
945,127.3195,1557150945000,5
946,127.3113260869565,1557150946000,2705
947,127.30526,1557150947000,455
948,127.3037111111111,1557150948000,717
949,127.29400000000001,1557150949000,243
950,127.2925,1557150950000,114
951,127.27203111111118,1557150951000,3302
952,127.257825,1557150952000,194
953,127.25928571428571,1557150953000,831
954,127.27998749999999,1557150954000,401
955,127.29183333333332,1557150955000,969
956,127.28499999999998,1557150956000,433
957,127.27194,1557150957000,550
958,127.27890526315791,1557150958000,2957
959,127.29012999999998,1557150959000,623
960,127.29505,1557150960000,501
961,127.29722631578946,1557150961000,1640
962,127.29,1557150962000,100
963,127.28782500000001,1557150963000,1261
964,127.28759999999998,1557150964000,575
965,127.29166666666667,1557150965000,168
966,127.29658125,1557150966000,781
967,127.3001470588235,1557150967000,2475
968,127.29812499999998,1557150968000,790
969,127.29812499999998,1557150969000,811
970,127.28854807692298,1557150970000,4111
971,127.27459999999999,1557150971000,628
972,127.25903333333333,1557150972000,1486
973,127.25112083333333,1557150973000,1619
974,127.2425,1557150974000,443
975,127.24815000000001,1557150975000,2374
976,127.2397181818182,1557150976000,889
977,127.24598999999998,1557150977000,1138
978,127.2583,1557150978000,1296
979,127.25971428571428,1557150979000,464
980,127.26886999999999,1557150980000,937
981,127.2714,1557150981000,627
982,127.28590000000001,1557150982000,43
983,127.28912352941175,1557150983000,1184
984,127.30165,1557150984000,308
985,127.30635,1557150985000,105
986,127.29818181818182,1557150986000,2036
987,127.28178571428569,1557150987000,1264
988,127.2757894736842,1557150988000,2700
989,127.265,1557150989000,1849
990,127.26663333333333,1557150990000,319
991,127.256592,1557150991000,2335
992,127.25786500000001,1557150992000,1643
993,127.263,1557150993000,538
994,127.26243589743596,1557150994000,4639
995,127.229824137931,1557150995000,2688
996,127.21530714285716,1557150996000,1208
997,127.21405714285717,1557150997000,2250
998,127.2175,1557150998000,385
999,127.21552857142858,1557150999000,375
1000,127.20968750000002,1557151000000,1440
1001,127.2077,1557151001000,250
1002,127.21,1557151002000,200
1003,127.19720588235293,1557151003000,3412
1004,127.19005555555557,1557151004000,1030
1005,127.2,1557151005000,200
1006,127.21000000000001,1557151006000,217
1007,127.198125,1557151007000,1250
1008,127.19666666666666,1557151008000,200
1009,127.18396956521745,1557151009000,1326
1010,127.18865,1557151010000,99
1011,127.1846,1557151011000,10
1012,127.1836,1557151012000,401
1013,127.1784153846154,1557151013000,1134
1014,127.17750000000001,1557151014000,190
1015,127.18083333333334,1557151015000,348
1016,127.17815,1557151016000,150
1017,127.183434375,1557151017000,2928
1018,127.17744705882355,1557151018000,2408
1019,127.175,1557151019000,100
1020,127.19476190476189,1557151020000,1542
1021,127.21444444444445,1557151021000,1012
1022,127.21588571428572,1557151022000,377
1023,127.21126296296296,1557151023000,3129
1024,127.21267499999999,1557151024000,451
1025,127.2247958333333,1557151025000,1667
1026,127.23,1557151026000,1543
1027,127.23476000000001,1557151027000,243
1028,127.23966666666666,1557151028000,792
1029,127.26,1557151029000,200
1030,127.25920833333335,1557151030000,353
1031,127.250725,1557151031000,950
1032,127.24963636363637,1557151032000,435
1033,127.25375,1557151033000,55
1034,127.26,1557151034000,6
1035,127.25894999999998,1557151035000,243
1036,127.27992499999999,1557151036000,1227
1037,127.29024999999999,1557151037000,2261
1038,127.29199999999999,1557151038000,1100
1039,127.29486666666668,1557151039000,102
1040,127.2875,1557151040000,279
1041,127.28890000000001,1557151041000,106
1042,127.29,1557151042000,410
1043,127.27314166666672,1557151043000,3260
1044,127.24062500000001,1557151044000,1184
1045,127.25,1557151045000,1
1046,127.25998333333332,1557151046000,190
1047,127.26835,1557151047000,102
1048,127.27357307692316,1557151048000,1075
1049,127.27290322580649,1557151049000,3530
1050,127.25833333333333,1557151050000,136
1051,127.26634705882353,1557151051000,766
1052,127.2701,1557151052000,248
1053,127.27333333333333,1557151053000,1032
1054,127.27,1557151054000,134
1055,127.26991666666665,1557151055000,310
1056,127.28499166666666,1557151056000,620
1057,127.32065624999993,1557151057000,15644
1058,127.35493243243242,1557151058000,2285
1059,127.35010624999998,1557151059000,2500
1060,127.35166666666665,1557151060000,211
1061,127.37073888888887,1557151061000,1980
1062,127.38173529411768,1557151062000,3204
1063,127.36780625000003,1557151063000,1673
1064,127.38220000000001,1557151064000,904
1065,127.3736736842105,1557151065000,1354
1066,127.37675,1557151066000,24
1067,127.38771379310343,1557151067000,1173
1068,127.39602727272728,1557151068000,1476
1069,127.3881142857143,1557151069000,309
1070,127.38892000000001,1557151070000,160
1071,127.38180769230777,1557151071000,3108
1072,127.38730000000001,1557151072000,120
1073,127.37480399999998,1557151073000,2441
1074,127.34285714285716,1557151074000,700
1075,127.33999999999999,1557151075000,105
1076,127.34873076923076,1557151076000,536
1077,127.35514705882352,1557151077000,3081
1078,127.37815416666673,1557151078000,6429
1079,127.38268000000001,1557151079000,154
1080,127.38964705882357,1557151080000,879
1081,127.4,1557151081000,10
1082,127.40749375000001,1557151082000,1880
1083,127.42122500000004,1557151083000,996
1084,127.4229173913044,1557151084000,2504
1085,127.41398888888891,1557151085000,1442
1086,127.39324500000002,1557151086000,1605
1087,127.38915000000003,1557151087000,2918
1088,127.371875,1557151088000,743
1089,127.3665,1557151089000,1034
1090,127.375,1557151090000,10
1091,127.38894210526321,1557151091000,2220
1092,127.40253333333334,1557151092000,129
1093,127.39903636363637,1557151093000,765
1094,127.3766487179487,1557151094000,3396
1095,127.37910000000001,1557151095000,1125
1096,127.396,1557151096000,900
1097,127.414525,1557151097000,6246
1098,127.42062000000001,1557151098000,295
1099,127.43523750000003,1557151099000,951
1100,127.44868461538464,1557151100000,2102
1101,127.44975,1557151101000,115
1102,127.43994,1557151102000,759
1103,127.42260769230771,1557151103000,1140
1104,127.40090000000002,1557151104000,2102
1105,127.38483333333332,1557151105000,730
1106,127.36928571428568,1557151106000,1312
1107,127.37048235294117,1557151107000,1448
1108,127.38332500000001,1557151108000,525
1109,127.40867222222225,1557151109000,2121
1110,127.39208333333335,1557151110000,1302
1111,127.39203500000004,1557151111000,2027
1112,127.3953846153846,1557151112000,1280
1113,127.37297142857145,1557151113000,2618
1114,127.37406666666668,1557151114000,1424
1115,127.36833333333334,1557151115000,107
1116,127.38146153846156,1557151116000,1025
1117,127.39536666666667,1557151117000,325
1118,127.4,1557151118000,300
1119,127.387775,1557151119000,5577
1120,127.38,1557151120000,100
1121,127.3879,1557151121000,378
1122,127.38808181818185,1557151122000,920
1123,127.39205000000001,1557151123000,89
1124,127.39425000000001,1557151124000,556
1125,127.39244000000001,1557151125000,500
1126,127.39081428571428,1557151126000,1621
1127,127.40071428571432,1557151127000,1261
1128,127.42323333333333,1557151128000,1222
1129,127.42124999999999,1557151129000,986
1130,127.43,1557151130000,100
1131,127.43,1557151131000,105
1132,127.42649999999999,1557151132000,332
1133,127.42916666666672,1557151133000,1087
1134,127.42769230769235,1557151134000,1170
1135,127.41736000000003,1557151135000,12459
1136,127.42051111111111,1557151136000,760
1137,127.41249999999998,1557151137000,521
1138,127.41699999999999,1557151138000,801
1139,127.42,1557151139000,100
1140,127.42098000000001,1557151140000,197
1141,127.43544444444446,1557151141000,719
1142,127.45428095238097,1557151142000,1758
1143,127.46875,1557151143000,113
1144,127.45833333333333,1557151144000,361
1145,127.45445555555557,1557151145000,806
1146,127.45625,1557151146000,162
1147,127.4585,1557151147000,50
1148,127.45,1557151148000,159
1149,127.45,1557151149000,270
1150,127.44846153846157,1557151150000,1745
1151,127.45961538461539,1557151151000,1306
1152,127.46053333333334,1557151152000,1035
1153,127.44750000000003,1557151153000,3305
1154,127.44444999999999,1557151154000,125
1155,127.44656666666667,1557151155000,1830
1156,127.43017272727275,1557151156000,1751
1157,127.415,1557151157000,265
1158,127.42102941176472,1557151158000,1286
1159,127.4289,1557151159000,206
1160,127.43636666666667,1557151160000,193
1161,127.44728333333335,1557151161000,419
1162,127.46244285714286,1557151162000,1394
1163,127.44818750000002,1557151163000,2909
1164,127.44025000000003,1557151164000,1192
1165,127.44124,1557151165000,769
1166,127.44642499999999,1557151166000,316
1167,127.44900000000003,1557151167000,764
1168,127.46266666666669,1557151168000,820
1169,127.4971,1557151169000,1787
1170,127.48625263157895,1557151170000,2785
1171,127.475,1557151171000,300
1172,127.48136,1557151172000,348
1173,127.48,1557151173000,300
1174,127.4778,1557151174000,429
1175,127.48187142857144,1557151175000,229
1176,127.46900000000002,1557151176000,578
1177,127.47,1557151177000,100
1178,127.44956538461537,1557151178000,4867
1179,127.44138000000001,1557151179000,249
1180,127.44003333333335,1557151180000,72
1181,127.43538333333333,1557151181000,496
1182,127.437545,1557151182000,2266
1183,127.42316666666666,1557151183000,200
1184,127.4147,1557151184000,100
1185,127.41,1557151185000,2
1186,127.4199,1557151186000,23
1187,127.41995,1557151187000,11
1188,127.42,1557151188000,612
1189,127.43000000000002,1557151189000,400
1190,127.43189000000002,1557151190000,684
1191,127.42878,1557151191000,236
1192,127.42998,1557151192000,311
1193,127.4233125,1557151193000,815
1194,127.42,1557151194000,33
1195,127.41,1557151195000,100
1196,127.39808958333343,1557151196000,4244
1197,127.38501666666667,1557151197000,1414
1198,127.38514285714284,1557151198000,286
1199,127.39762250000001,1557151199000,4385
1200,127.42190476190478,1557151200000,1721
1201,127.42722222222226,1557151201000,1101
1202,127.42826470588237,1557151202000,1824
1203,127.42851666666667,1557151203000,11058
1204,127.40897899999986,1557151204000,11957
1205,127.37735915492956,1557151205000,6367
1206,127.37775263157894,1557151206000,4201
1207,127.3815384615385,1557151207000,1432
1208,127.3794210526316,1557151208000,2208
1209,127.37233333333333,1557151209000,4418
1210,127.36941428571429,1557151210000,520
1211,127.37022666666665,1557151211000,1299
1212,127.36116999999999,1557151212000,778
1213,127.3557,1557151213000,429
1214,127.35991111111106,1557151214000,1606
1215,127.36162857142857,1557151215000,532
1216,127.36875,1557151216000,800
1217,127.35690000000001,1557151217000,266
1218,127.34931818181816,1557151218000,4412
1219,127.34140000000001,1557151219000,1095
1220,127.34096923076922,1557151220000,1173
1221,127.34263157894738,1557151221000,1561
1222,127.32228999999998,1557151222000,1744
1223,127.30816666666664,1557151223000,780
1224,127.31851851851853,1557151224000,3765
1225,127.30423076923077,1557151225000,702
1226,127.29734375000002,1557151226000,2669
1227,127.30945714285718,1557151227000,2140
1228,127.29,1557151228000,1530
1229,127.29175000000001,1557151229000,696
1230,127.29115000000002,1557151230000,267
1231,127.28748999999998,1557151231000,1042
1232,127.28375,1557151232000,800
1233,127.2980736842105,1557151233000,2429
1234,127.301,1557151234000,84
1235,127.30409999999998,1557151235000,2209
1236,127.32142857142856,1557151236000,450
1237,127.32093333333334,1557151237000,636
1238,127.3090933333333,1557151238000,1172
1239,127.30057857142856,1557151239000,1582
1240,127.295,1557151240000,18
1241,127.3058,1557151241000,159
1242,127.29901363636364,1557151242000,2555
1243,127.29109999999999,1557151243000,801
1244,127.29956,1557151244000,825
1245,127.30755,1557151245000,225
1246,127.3022,1557151246000,105
1247,127.30971428571424,1557151247000,3208
1248,127.30588235294114,1557151248000,1112
1249,127.3108,1557151249000,175
1250,127.3151,1557151250000,15
1251,127.33102727272725,1557151251000,4339
1252,127.3571875,1557151252000,2700
1253,127.34375,1557151253000,150
1254,127.34087812500003,1557151254000,4310
1255,127.33333333333333,1557151255000,300
1256,127.339,1557151256000,15
1257,127.33905555555556,1557151257000,2176
1258,127.35285555555555,1557151258000,1611
1259,127.36483333333328,1557151259000,1721
1260,127.355,1557151260000,161
1261,127.36,1557151261000,56
1262,127.3596,1557151262000,44
1263,127.36928571428572,1557151263000,563
1264,127.37956521739136,1557151264000,2454
1265,127.36201666666665,1557151265000,1253
1266,127.34776571428574,1557151266000,3030
1267,127.3425,1557151267000,639
1268,127.35100000000001,1557151268000,805
1269,127.35275,1557151269000,205
1270,127.34997142857144,1557151270000,722
1271,127.3403777777778,1557151271000,742
1272,127.3275,1557151272000,304
1273,127.3177,1557151273000,300
1274,127.3188818181818,1557151274000,1602
1275,127.315,1557151275000,392
1276,127.32330769230765,1557151276000,1072
1277,127.33940000000001,1557151277000,938
1278,127.33995000000002,1557151278000,707
1279,127.3312083333333,1557151279000,1638
1280,127.33106818181817,1557151280000,1174
1281,127.33019599999997,1557151281000,1792
1282,127.33935000000001,1557151282000,244
1283,127.32974074074063,1557151283000,9062
1284,127.28886666666678,1557151284000,6379
1285,127.29502857142856,1557151285000,500
1286,127.29336363636362,1557151286000,1079
1287,127.2928,1557151287000,173
1288,127.28855833333331,1557151288000,1111
1289,127.2825,1557151289000,7
1290,127.28583333333331,1557151290000,516
1291,127.28105714285714,1557151291000,784
1292,127.2752,1557151292000,100
1293,127.27569999999999,1557151293000,432
1294,127.27425,1557151294000,300
1295,127.27010937499998,1557151295000,3011
1296,127.28,1557151296000,1020
1297,127.28,1557151297000,183
1298,127.27063333333332,1557151298000,1450
1299,127.25056249999996,1557151299000,7846
1300,127.22513333333332,1557151300000,234
1301,127.22131666666658,1557151301000,3046
1302,127.21674230769234,1557151302000,2360
1303,127.20134242424237,1557151303000,6807
1304,127.19543333333333,1557151304000,220
1305,127.1981,1557151305000,851
1306,127.19923333333334,1557151306000,106
1307,127.19749999999999,1557151307000,158
1308,127.18926250000003,1557151308000,2151
1309,127.18619999999999,1557151309000,400
1310,127.19286857142852,1557151310000,3412
1311,127.21209999999999,1557151311000,476
1312,127.21857894736843,1557151312000,1582
1313,127.23910000000001,1557151313000,247
1314,127.21800645161285,1557151314000,3140
1315,127.19193888888893,1557151315000,1457
1316,127.17648400000003,1557151316000,1923
1317,127.17678571428576,1557151317000,1357
1318,127.195,1557151318000,213
1319,127.20206363636363,1557151319000,1992
1320,127.216475,1557151320000,811
1321,127.19953125000002,1557151321000,3096
1322,127.19222500000002,1557151322000,1062
1323,127.1911,1557151323000,528
1324,127.2,1557151324000,201
1325,127.21,1557151325000,179
1326,127.20821176470588,1557151326000,2307
1327,127.21844999999999,1557151327000,735
1328,127.24470588235293,1557151328000,1674
1329,127.22532950819677,1557151329000,7242
1330,127.21597173913037,1557151330000,10127
1331,127.22054137931026,1557151331000,2450
1332,127.23299999999999,1557151332000,1274
1333,127.239,1557151333000,957
1334,127.23185000000001,1557151334000,125
1335,127.23437222222222,1557151335000,1672
1336,127.2298111111111,1557151336000,1414
1337,127.24205128205118,1557151337000,3757
1338,127.25399999999999,1557151338000,440
1339,127.2556,1557151339000,250
1340,127.2675055555556,1557151340000,1365
1341,127.26214285714286,1557151341000,1340
1342,127.24152173913036,1557151342000,2131
1343,127.25518431372558,1557151343000,4953
1344,127.26912222222222,1557151344000,634
1345,127.26666666666668,1557151345000,650
1346,127.271525,1557151346000,457
1347,127.26066666666667,1557151347000,994
1348,127.2365878048778,1557151348000,10026
1349,127.22202380952379,1557151349000,4060
1350,127.22777777777777,1557151350000,1321
1351,127.22888888888889,1557151351000,529
1352,127.24,1557151352000,40
1353,127.24062500000001,1557151353000,2712
1354,127.23177777777775,1557151354000,2155
1355,127.22291904761906,1557151355000,638
1356,127.21928571428573,1557151356000,700
1357,127.19999894736831,1557151357000,11896
1358,127.1773965517242,1557151358000,4511
1359,127.17222222222222,1557151359000,1336
1360,127.15806000000002,1557151360000,2800
1361,127.15898,1557151361000,179
1362,127.14714285714284,1557151362000,6663
1363,127.14649999999999,1557151363000,411
1364,127.1385222222222,1557151364000,664
1365,127.13405000000003,1557151365000,1634
1366,127.12253030303027,1557151366000,4538
1367,127.1124964285714,1557151367000,1959
1368,127.12219259259258,1557151368000,2798
1369,127.14228,1557151369000,401
1370,127.14022857142857,1557151370000,418
1371,127.1424,1557151371000,1123
1372,127.13983333333333,1557151372000,580
1373,127.15,1557151373000,164
1374,127.141,1557151374000,892
1375,127.13039433962273,1557151375000,5897
1376,127.13122368421062,1557151376000,5019
1377,127.13405937500004,1557151377000,5340
1378,127.12107142857144,1557151378000,2905
1379,127.12925714285714,1557151379000,628
1380,127.14637272727278,1557151380000,2514
1381,127.13961538461541,1557151381000,2373
1382,127.12,1557151382000,400
1383,127.14266666666667,1557151383000,129
1384,127.17003437500004,1557151384000,3172
1385,127.19240952380952,1557151385000,1867
1386,127.18562500000004,1557151386000,2247
1387,127.17800000000003,1557151387000,1100
1388,127.18663333333336,1557151388000,951
1389,127.19373333333334,1557151389000,297
1390,127.20333333333333,1557151390000,201
1391,127.21111666666668,1557151391000,2075
1392,127.2159432432432,1557151392000,3692
1393,127.17645454545453,1557151393000,5421
1394,127.15612857142857,1557151394000,1148
1395,127.155,1557151395000,160
1396,127.15,1557151396000,100
1397,127.15006923076925,1557151397000,1667
1398,127.14053571428573,1557151398000,2121
1399,127.13858333333333,1557151399000,20
1400,127.13390000000001,1557151400000,116
1401,127.13977916666666,1557151401000,1970
1402,127.1497,1557151402000,18
1403,127.1459375,1557151403000,417
1404,127.15,1557151404000,100
1405,127.16277600000001,1557151405000,2058
1406,127.16075882352943,1557151406000,2400
1407,127.17178181818184,1557151407000,1466
1408,127.1748,1557151408000,50
1409,127.16230000000003,1557151409000,1500
1410,127.15906666666666,1557151410000,101
1411,127.1554,1557151411000,205
1412,127.15887777777776,1557151412000,1002
1413,127.1691468085106,1557151413000,11532
1414,127.17821428571428,1557151414000,2752
1415,127.20000000000002,1557151415000,1205
1416,127.18518928571429,1557151416000,3823
1417,127.15995263157895,1557151417000,1982
1418,127.1613,1557151418000,326
1419,127.1651,1557151419000,125
1420,127.17,1557151420000,4
1421,127.1766666666667,1557151421000,1813
1422,127.15363636363637,1557151422000,874
1423,127.15003750000004,1557151423000,2102
1424,127.1405,1557151424000,300
1425,127.13588928571434,1557151425000,3299
1426,127.15937499999998,1557151426000,551
1427,127.14829615384598,1557151427000,11915
1428,127.14833333333333,1557151428000,3112
1429,127.14861666666667,1557151429000,528
1430,127.16228181818182,1557151430000,1487
1431,127.17,1557151431000,347
1432,127.17613333333334,1557151432000,710
1433,127.18000000000004,1557151433000,600
1434,127.18363636363641,1557151434000,829
1435,127.18818571428574,1557151435000,1427
1436,127.20466666666668,1557151436000,1350
1437,127.21053333333333,1557151437000,4
1438,127.21293333333331,1557151438000,944
1439,127.21652499999999,1557151439000,92
1440,127.21055000000001,1557151440000,1851
1441,127.20000000000003,1557151441000,1450
1442,127.18,1557151442000,300
1443,127.17500000000001,1557151443000,127
1444,127.16977142857142,1557151444000,513
1445,127.17705000000001,1557151445000,47
1446,127.17763333333333,1557151446000,212
1447,127.16625,1557151447000,400
1448,127.15599999999999,1557151448000,309
1449,127.16,1557151449000,310
1450,127.1626,1557151450000,668
1451,127.19722222222224,1557151451000,1795
1452,127.213525,1557151452000,342
1453,127.22000000000001,1557151453000,1226
1454,127.215,1557151454000,100
1455,127.19693548387092,1557151455000,2835
1456,127.17187499999999,1557151456000,937
1457,127.17776666666667,1557151457000,421
1458,127.19000000000001,1557151458000,150
1459,127.2,1557151459000,99
1460,127.205,1557151460000,5
1461,127.205,1557151461000,100
1462,127.2099,1557151462000,16
1463,127.21200000000003,1557151463000,2289
1464,127.23380952380947,1557151464000,2224
1465,127.24,1557151465000,9
1466,127.23664999999998,1557151466000,1608
1467,127.22998,1557151467000,346
1468,127.23,1557151468000,712
1469,127.23214285714286,1557151469000,735
1470,127.24,1557151470000,100
1471,127.24,1557151471000,12
1472,127.249,1557151472000,402
1473,127.24125000000001,1557151473000,920
1474,127.25,1557151474000,200
1475,127.24471578947367,1557151475000,2142
1476,127.2218965517241,1557151476000,3023
1477,127.21019583333329,1557151477000,2304
1478,127.20425714285716,1557151478000,404
1479,127.20502499999999,1557151479000,422
1480,127.20706,1557151480000,497
1481,127.21141666666666,1557151481000,102
1482,127.21537142857144,1557151482000,410
1483,127.19706610169486,1557151483000,5154
1484,127.18785714285715,1557151484000,720
1485,127.1826,1557151485000,1050
1486,127.185,1557151486000,2
1487,127.19,1557151487000,3
1488,127.18000000000002,1557151488000,410
1489,127.18443333333333,1557151489000,122
1490,127.20076923076925,1557151490000,1331
1491,127.21643333333334,1557151491000,1327
1492,127.21958333333335,1557151492000,700
1493,127.21900000000001,1557151493000,619
1494,127.22200000000001,1557151494000,115
1495,127.2219,1557151495000,170
1496,127.22188750000002,1557151496000,841
1497,127.21833333333335,1557151497000,624
1498,127.21,1557151498000,100
1499,127.2034,1557151499000,2
1500,127.20627142857144,1557151500000,272
1501,127.20558333333334,1557151501000,2213
1502,127.2095,1557151502000,111
1503,127.20688,1557151503000,110
1504,127.2075,1557151504000,9
1505,127.20833333333333,1557151505000,218
1506,127.20843750000002,1557151506000,918
1507,127.20625,1557151507000,299
1508,127.20868750000001,1557151508000,329
1509,127.18803125000004,1557151509000,5002
1510,127.1697,1557151510000,405
1511,127.168,1557151511000,112
1512,127.16908333333333,1557151512000,1020
1513,127.17,1557151513000,1
1514,127.172175,1557151514000,267
1515,127.17023333333333,1557151515000,395
1516,127.15080645161288,1557151516000,1999
1517,127.14606363636364,1557151517000,1388
1518,127.10853958333342,1557151518000,3376
1519,127.09567692307692,1557151519000,1306
1520,127.07435135135138,1557151520000,3989
1521,127.08333333333333,1557151521000,684
1522,127.05971785714284,1557151522000,3493
1523,127.04434057971011,1557151523000,5590
1524,127.05040909090907,1557151524000,1275
1525,127.05888,1557151525000,212
1526,127.06111111111107,1557151526000,799
1527,127.08851666666668,1557151527000,596
1528,127.09166666666665,1557151528000,822
1529,127.1,1557151529000,1200
1530,127.08964736842105,1557151530000,1670
1531,127.09,1557151531000,119
1532,127.0993,1557151532000,482
1533,127.08971818181817,1557151533000,1123
1534,127.08231111111111,1557151534000,6262
1535,127.07,1557151535000,200
1536,127.08842500000002,1557151536000,358
1537,127.10049999999997,1557151537000,1329
1538,127.09364999999998,1557151538000,1570
1539,127.08812500000002,1557151539000,568
1540,127.0845,1557151540000,30
1541,127.08,1557151541000,411
1542,127.10241666666667,1557151542000,731
1543,127.10998333333333,1557151543000,313
1544,127.12925882352947,1557151544000,1871
1545,127.1368,1557151545000,200
1546,127.14,1557151546000,79
1547,127.147,1557151547000,227
1548,127.14781250000004,1557151548000,2235
1549,127.14500000000001,1557151549000,70
1550,127.1394,1557151550000,464
1551,127.14495,1557151551000,105
1552,127.147,1557151552000,151
1553,127.14,1557151553000,116
1554,127.13904166666669,1557151554000,1971
1555,127.13804999999999,1557151555000,1059
1556,127.14744999999999,1557151556000,51
1557,127.14,1557151557000,500
1558,127.1365,1557151558000,266
1559,127.14,1557151559000,4
1560,127.13159473684213,1557151560000,2265
1561,127.12814285714285,1557151561000,408
1562,127.123625,1557151562000,432
1563,127.13118,1557151563000,303
1564,127.1265625,1557151564000,729
1565,127.12,1557151565000,600
1566,127.09733749999997,1557151566000,1246
1567,127.12192105263158,1557151567000,1847
1568,127.12496666666668,1557151568000,95
1569,127.1108733333333,1557151569000,1320
1570,127.1056,1557151570000,5
1571,127.11636666666668,1557151571000,580
1572,127.118225,1557151572000,273
1573,127.12833333333337,1557151573000,918
1574,127.13,1557151574000,4
1575,127.13,1557151575000,345
1576,127.14068,1557151576000,559
1577,127.14833333333335,1557151577000,200
1578,127.12851428571425,1557151578000,3217
1579,127.1166,1557151579000,282
1580,127.12129999999999,1557151580000,47
1581,127.12974683544309,1557151581000,8376
1582,127.14932051282048,1557151582000,4565
1583,127.14967999999999,1557151583000,830
1584,127.13525769230775,1557151584000,2426
1585,127.12,1557151585000,107
1586,127.12555555555556,1557151586000,815
1587,127.14662962962964,1557151587000,10898
1588,127.14171428571429,1557151588000,881
1589,127.13711999999998,1557151589000,454
1590,127.13,1557151590000,100
1591,127.12882857142857,1557151591000,482
1592,127.13,1557151592000,332
1593,127.12319444444441,1557151593000,1802
1594,127.09692307692305,1557151594000,2212
1595,127.1218315789474,1557151595000,1527
1596,127.10965,1557151596000,357
1597,127.108,1557151597000,45
1598,127.10991250000001,1557151598000,512
1599,127.11,1557151599000,100
1600,127.10095238095234,1557151600000,2175
1601,127.1,1557151601000,250
1602,127.099975,1557151602000,44
1603,127.09117647058822,1557151603000,1407
1604,127.11486499999994,1557151604000,1325
1605,127.12483999999999,1557151605000,577
1606,127.1353,1557151606000,20
1607,127.14,1557151607000,342
1608,127.14,1557151608000,14
1609,127.14,1557151609000,386
1610,127.13000000000001,1557151610000,870
1611,127.11661250000002,1557151611000,3209
1612,127.13473125000003,1557151612000,975
1613,127.15000000000002,1557151613000,253
1614,127.15946666666666,1557151614000,1610
1615,127.1557,1557151615000,220
1616,127.15141249999999,1557151616000,725
1617,127.1499,1557151617000,5
1618,127.14,1557151618000,626
1619,127.14,1557151619000,100
1620,127.14,1557151620000,18
1621,127.11338235294113,1557151621000,1536
1622,127.09019230769233,1557151622000,4335
1623,127.0756928571429,1557151623000,2337
1624,127.05946363636362,1557151624000,2145
1625,127.04815789473682,1557151625000,1722
1626,127.06861749999999,1557151626000,4002
1627,127.074,1557151627000,50
1628,127.07612333333336,1557151628000,9724
1629,127.06837499999999,1557151629000,209
1630,127.0633333333333,1557151630000,694
1631,127.0522222222222,1557151631000,500
1632,127.00773670886082,1557151632000,8524
1633,127.0,1557151633000,100
1634,126.99458400000022,1557151634000,16032
1635,126.97995714285715,1557151635000,1961
1636,126.98552105263157,1557151636000,2182
1637,127.01032857142857,1557151637000,1059
1638,127.01350833333332,1557151638000,2675
1639,127.02,1557151639000,200
1640,127.03156000000001,1557151640000,720
1641,127.0304,1557151641000,800
1642,127.02832972972973,1557151642000,3602
1643,127.04643333333333,1557151643000,2182
1644,127.05817499999999,1557151644000,253
1645,127.06003333333335,1557151645000,102
1646,127.05999999999999,1557151646000,658
1647,127.06999999999996,1557151647000,263
1648,127.07,1557151648000,400
1649,127.07333461538464,1557151649000,3396
1650,127.0632,1557151650000,480
1651,127.06813333333334,1557151651000,162
1652,127.0625,1557151652000,25
1653,127.06995,1557151653000,12
1654,127.06999999999998,1557151654000,598
1655,127.06797999999999,1557151655000,451
1656,127.06729999999999,1557151656000,3
1657,127.06874999999997,1557151657000,574
1658,127.07476111111106,1557151658000,889
1659,127.09186000000003,1557151659000,4268
1660,127.09092500000001,1557151660000,450
1661,127.07656250000002,1557151661000,4057
1662,127.07699999999998,1557151662000,214
1663,127.07,1557151663000,100
1664,127.10754,1557151664000,423
1665,127.06947777777775,1557151665000,953
1666,127.06069999999998,1557151666000,543
1667,127.07,1557151667000,100
1668,127.066225,1557151668000,523
1669,127.06742857142856,1557151669000,600
1670,127.08,1557151670000,100
1671,127.08,1557151671000,100
1672,127.08,1557151672000,300
1673,127.09146666666668,1557151673000,427
1674,127.08909090909091,1557151674000,1032
1675,127.08215,1557151675000,150
1676,127.07836,1557151676000,609
1677,127.07058571428568,1557151677000,953
1678,127.06655,1557151678000,100
1679,127.06,1557151679000,4
1680,127.06062499999999,1557151680000,602
1681,127.04827272727272,1557151681000,886
1682,127.0561,1557151682000,100
1683,127.0514,1557151683000,100
1684,127.06222222222222,1557151684000,901
1685,127.07346249999998,1557151685000,961
1686,127.06033999999995,1557151686000,2869
1687,127.05366666666664,1557151687000,1605
1688,127.05,1557151688000,451
1689,127.05,1557151689000,25
1690,127.05,1557151690000,300
1691,127.06,1557151691000,2
1692,127.05123333333334,1557151692000,474
1693,127.05546666666665,1557151693000,517
1694,127.055,1557151694000,104
1695,127.05125000000001,1557151695000,110
1696,127.04740000000001,1557151696000,86
1697,127.03706470588234,1557151697000,3410
1698,127.01965,1557151698000,800
1699,127.03824999999999,1557151699000,1918
1700,127.04281249999998,1557151700000,1570
1701,127.03,1557151701000,354
1702,127.0181777777778,1557151702000,1124
1703,127.02125000000001,1557151703000,400
1704,127.02083333333333,1557151704000,228
1705,127.03711666666668,1557151705000,619
1706,127.0482727272727,1557151706000,1034
1707,127.03997999999999,1557151707000,441
1708,127.04610000000001,1557151708000,221
1709,127.03999999999999,1557151709000,639
1710,127.02349411764705,1557151710000,1984
1711,126.9982608695652,1557151711000,2112
1712,127.00245000000001,1557151712000,720
1713,127.00833333333333,1557151713000,160
1714,127.0006875,1557151714000,767
1715,127.0,1557151715000,100
1716,127.0057,1557151716000,10
1717,127.00035,1557151717000,420
1718,126.99375,1557151718000,646
1719,126.99,1557151719000,1788
1720,126.99416666666667,1557151720000,1881
1721,126.99046923076922,1557151721000,1340
1722,126.99,1557151722000,100
1723,126.98857999999998,1557151723000,1483
1724,126.98490000000001,1557151724000,15
1725,126.9861,1557151725000,555
1726,126.99,1557151726000,84
1727,126.99081666666666,1557151727000,422
1728,126.99335,1557151728000,105
1729,126.975564102564,1557151729000,3181
1730,126.97933,1557151730000,1906
1731,126.98092857142856,1557151731000,901
1732,126.97983000000002,1557151732000,1183
1733,126.97,1557151733000,85
1734,126.9615789473684,1557151734000,5951
1735,126.96113333333334,1557151735000,759
1736,126.96882857142859,1557151736000,812
1737,126.9827076923077,1557151737000,911
1738,126.98944999999995,1557151738000,2075
1739,127.00244827586211,1557151739000,2137
1740,127.01670869565218,1557151740000,1513
1741,127.02644285714284,1557151741000,1077
1742,127.02992499999999,1557151742000,1000
1743,127.0263076923077,1557151743000,2103
1744,127.0095,1557151744000,555
1745,127.00166666666667,1557151745000,600
1746,127.02919999999999,1557151746000,1202
1747,127.05748823529409,1557151747000,2468
1748,127.065,1557151748000,16
1749,127.05612307692306,1557151749000,779
1750,127.038275,1557151750000,490
1751,127.036125,1557151751000,75
1752,127.0359,1557151752000,2030
1753,127.03730000000003,1557151753000,3085
1754,127.03249999999998,1557151754000,912
1755,127.0399,1557151755000,10
1756,127.02993333333332,1557151756000,433
1757,127.04,1557151757000,47
1758,127.03000000000002,1557151758000,200
1759,127.0329,1557151759000,700
1760,127.03495000000001,1557151760000,125
1761,127.01113636363651,1557151761000,5149
1762,127.011925,1557151762000,1292
1763,127.00549750000012,1557151763000,3975
1764,127.01198571428571,1557151764000,1535
1765,127.0225,1557151765000,204
1766,127.0281,1557151766000,31
1767,127.03166666666665,1557151767000,1523
1768,127.0361,1557151768000,30
1769,127.039625,1557151769000,42
1770,127.0385,1557151770000,50
1771,127.04166666666667,1557151771000,500
1772,127.04646999999997,1557151772000,2213
1773,127.0463,1557151773000,50
1774,127.03184285714285,1557151774000,650
1775,127.0285857142857,1557151775000,770
1776,127.03341999999999,1557151776000,1045
1777,127.04098000000002,1557151777000,502
1778,127.0475,1557151778000,100
1779,127.04931428571426,1557151779000,1054
1780,127.04875,1557151780000,120
1781,127.05225,1557151781000,162
1782,127.0475,1557151782000,417
1783,127.05849999999997,1557151783000,1573
1784,127.0625,1557151784000,170
1785,127.07500000000002,1557151785000,506
1786,127.1035551724138,1557151786000,3613
1787,127.12324444444448,1557151787000,1074
1788,127.14753827160484,1557151788000,8986
1789,127.13996666666667,1557151789000,220
1790,127.13696250000001,1557151790000,2217
1791,127.1321153846154,1557151791000,2259
1792,127.1348,1557151792000,208
1793,127.1367,1557151793000,1200
1794,127.13105,1557151794000,1100
1795,127.13052,1557151795000,421
1796,127.1397633333333,1557151796000,7375
1797,127.13945000000001,1557151797000,121
1798,127.1367,1557151798000,25
1799,127.14495,1557151799000,631
1800,127.15258000000001,1557151800000,696
1801,127.16239500000002,1557151801000,5911
1802,127.16633750000003,1557151802000,1503
1803,127.15974000000001,1557151803000,1752
1804,127.14650769230774,1557151804000,1311
1805,127.13452,1557151805000,234
1806,127.12736000000001,1557151806000,1659
1807,127.129725,1557151807000,323
1808,127.11073571428572,1557151808000,3435
1809,127.1,1557151809000,1000
1810,127.09859534883725,1557151810000,6067
1811,127.09546296296296,1557151811000,2471
1812,127.09755714285714,1557151812000,1906
1813,127.09999999999998,1557151813000,1120
1814,127.11267777777779,1557151814000,975
1815,127.10888888888884,1557151815000,2700
1816,127.09954545454544,1557151816000,2038
1817,127.10099565217388,1557151817000,2133
1818,127.1,1557151818000,1
1819,127.1,1557151819000,1083
1820,127.0974,1557151820000,2705
1821,127.08794642857148,1557151821000,5882
1822,127.08075384615381,1557151822000,2866
1823,127.08076315789475,1557151823000,4432
1824,127.08500000000001,1557151824000,63
1825,127.08562499999998,1557151825000,1109
1826,127.0635888888889,1557151826000,2800
1827,127.06,1557151827000,100
1828,127.06967999999998,1557151828000,1304
1829,127.08083333333333,1557151829000,368
1830,127.09059999999998,1557151830000,1121
1831,127.0912,1557151831000,3589
1832,127.08935,1557151832000,343
1833,127.08744999999999,1557151833000,126
1834,127.05413942307717,1557151834000,10190
1835,127.0400964285714,1557151835000,5358
1836,127.0505333333333,1557151836000,1913
1837,127.0599111111111,1557151837000,366
1838,127.06453333333333,1557151838000,403
1839,127.06,1557151839000,50
1840,127.06833333333333,1557151840000,140
1841,127.07882,1557151841000,298
1842,127.06833333333331,1557151842000,765
1843,127.07499999999995,1557151843000,1084
1844,127.07897500000001,1557151844000,739
1845,127.0816,1557151845000,126
1846,127.0907142857143,1557151846000,700
1847,127.0997142857143,1557151847000,461
1848,127.1131,1557151848000,3000
1849,127.1153,1557151849000,25
1850,127.11,1557151850000,100
1851,127.11729047619048,1557151851000,1735
1852,127.1117,1557151852000,117
1853,127.1101,1557151853000,1222
1854,127.117525,1557151854000,1526
1855,127.10833333333328,1557151855000,2595
1856,127.09996363636361,1557151856000,715
1857,127.10101999999999,1557151857000,358
1858,127.11,1557151858000,100
1859,127.12725,1557151859000,153
1860,127.125,1557151860000,201
1861,127.13,1557151861000,215
1862,127.1387625,1557151862000,3342
1863,127.135,1557151863000,200
1864,127.14,1557151864000,200
1865,127.13834,1557151865000,113
1866,127.14,1557151866000,44
1867,127.14166666666667,1557151867000,259
1868,127.14611111111111,1557151868000,924
1869,127.16195999999998,1557151869000,970
1870,127.17383333333333,1557151870000,387
1871,127.16555555555556,1557151871000,1112
1872,127.159625,1557151872000,410
1873,127.15785714285713,1557151873000,239
1874,127.16196,1557151874000,1112
1875,127.17,1557151875000,100
1876,127.16726000000001,1557151876000,412
1877,127.17000000000002,1557151877000,1142
1878,127.17,1557151878000,900
1879,127.16812222222227,1557151879000,3119
1880,127.17061875000003,1557151880000,1611
1881,127.18000000000005,1557151881000,1213
1882,127.1829166666667,1557151882000,1103
1883,127.19864166666669,1557151883000,3462
1884,127.19000000000003,1557151884000,900
1885,127.21219200000002,1557151885000,2837
1886,127.24416666666667,1557151886000,315
1887,127.23802500000001,1557151887000,852
1888,127.248,1557151888000,600
1889,127.2526,1557151889000,660
1890,127.25965624999999,1557151890000,2291
1891,127.25844000000001,1557151891000,1882
1892,127.2545315789474,1557151892000,1526
1893,127.24411,1557151893000,1045
1894,127.23386842105262,1557151894000,1800
1895,127.25486666666666,1557151895000,331
1896,127.25713333333333,1557151896000,55
1897,127.253,1557151897000,100
1898,127.26,1557151898000,50
1899,127.25550833333334,1557151899000,2002
1900,127.247375,1557151900000,70
1901,127.2604875,1557151901000,1425
1902,127.27757999999999,1557151902000,832
1903,127.28,1557151903000,600
1904,127.28785263157894,1557151904000,4262
1905,127.29247500000001,1557151905000,5300
1906,127.27518,1557151906000,291
1907,127.28860232558137,1557151907000,4328
1908,127.30385600000004,1557151908000,2981
1909,127.29101,1557151909000,532
1910,127.2945,1557151910000,26
1911,127.29759999999999,1557151911000,459
1912,127.29942857142858,1557151912000,335
1913,127.30466666666666,1557151913000,106
1914,127.3048,1557151914000,193
1915,127.2980769230769,1557151915000,1256
1916,127.302,1557151916000,886
1917,127.30785714285715,1557151917000,303
1918,127.31799999999998,1557151918000,136
1919,127.32,1557151919000,50
1920,127.32470588235289,1557151920000,1018
1921,127.34000000000003,1557151921000,2012
1922,127.34,1557151922000,20
1923,127.33137551020411,1557151923000,4518
1924,127.34150000000002,1557151924000,1018
1925,127.3273452380952,1557151925000,5547
1926,127.3132392857143,1557151926000,1990
1927,127.30246823529404,1557151927000,19549
1928,127.33272962962967,1557151928000,3486
1929,127.34,1557151929000,7
1930,127.3374,1557151930000,3
1931,127.33093749999998,1557151931000,2400
1932,127.32845,1557151932000,612
1933,127.33,1557151933000,111
1934,127.33426086956523,1557151934000,1271
1935,127.35798571428573,1557151935000,2527
1936,127.37976923076924,1557151936000,1011
1937,127.387125,1557151937000,1250
1938,127.38166666666666,1557151938000,350
1939,127.37848620689658,1557151939000,3165
1940,127.38000000000002,1557151940000,853
1941,127.40000000000003,1557151941000,2785
1942,127.41794999999999,1557151942000,215
1943,127.41702500000001,1557151943000,155
1944,127.41067272727273,1557151944000,2403
1945,127.40739375000001,1557151945000,1261
1946,127.41175000000001,1557151946000,1673
1947,127.41743999999998,1557151947000,147
1948,127.41999999999999,1557151948000,829
1949,127.41598750000003,1557151949000,1628
1950,127.41176666666667,1557151950000,76
1951,127.40558823529415,1557151951000,1842
1952,127.38323793103453,1557151952000,5914
1953,127.37611818181814,1557151953000,2526
1954,127.36980000000001,1557151954000,1335
1955,127.37639999999999,1557151955000,162
1956,127.37173750000001,1557151956000,750
1957,127.360725,1557151957000,285
1958,127.36957391304341,1557151958000,1978
1959,127.34585714285716,1557151959000,2000
1960,127.375,1557151960000,377
1961,127.3655,1557151961000,1089
1962,127.36500000000001,1557151962000,220
1963,127.34705,1557151963000,3128
1964,127.35,1557151964000,100
1965,127.34487560975617,1557151965000,3678
1966,127.3463,1557151966000,1483
1967,127.35103333333329,1557151967000,1589
1968,127.355,1557151968000,3
1969,127.35511666666667,1557151969000,480
1970,127.35882500000001,1557151970000,72
1971,127.37678666666669,1557151971000,512
1972,127.38749999999999,1557151972000,391
1973,127.40174285714285,1557151973000,906
1974,127.40357142857142,1557151974000,790
1975,127.41312500000004,1557151975000,8036
1976,127.4225,1557151976000,304
1977,127.42025517241385,1557151977000,5671
1978,127.41976190476196,1557151978000,6134
1979,127.42635000000003,1557151979000,3709
1980,127.42565,1557151980000,607
1981,127.42593333333333,1557151981000,152
1982,127.43959562841547,1557151982000,20817
1983,127.40981249999999,1557151983000,654
1984,127.39302,1557151984000,1306
1985,127.39818,1557151985000,126
1986,127.39622,1557151986000,720
1987,127.40428461538463,1557151987000,1586
1988,127.39523999999999,1557151988000,551
1989,127.4008,1557151989000,430
1990,127.39831249999999,1557151990000,431
1991,127.3556312499997,1557151991000,31220
1992,127.36020833333328,1557151992000,4593
1993,127.37079999999996,1557151993000,2283
1994,127.40357333333334,1557151994000,1405
1995,127.42136363636368,1557151995000,1915
1996,127.41714285714285,1557151996000,1000
1997,127.4162,1557151997000,473
1998,127.41448181818183,1557151998000,1531
1999,127.40988333333333,1557151999000,449
2000,127.38947666666668,1557152000000,7508
2001,127.38,1557152001000,104
2002,127.38127499999999,1557152002000,550
2003,127.37694444444443,1557152003000,342
2004,127.364,1557152004000,20
2005,127.36243333333334,1557152005000,214
2006,127.36249999999998,1557152006000,1923
2007,127.35408333333334,1557152007000,463
2008,127.3583,1557152008000,44
2009,127.3579,1557152009000,455
2010,127.37,1557152010000,100
2011,127.38636363636365,1557152011000,1156
2012,127.398,1557152012000,271
2013,127.38832500000001,1557152013000,5616
2014,127.38600769230769,1557152014000,1015
2015,127.378,1557152015000,583
2016,127.37,1557152016000,12
2017,127.371,1557152017000,125
2018,127.37684999999999,1557152018000,310
2019,127.36766666666664,1557152019000,1264
2020,127.34714285714287,1557152020000,409
2021,127.33670000000001,1557152021000,225
2022,127.34802000000002,1557152022000,109
2023,127.3401,1557152023000,114
2024,127.33517857142861,1557152024000,2276
2025,127.33883333333331,1557152025000,877
2026,127.34500000000001,1557152026000,599
2027,127.34909999999999,1557152027000,55
2028,127.345,1557152028000,1
2029,127.35083333333334,1557152029000,614
2030,127.35121666666667,1557152030000,533
2031,127.3453,1557152031000,400
2032,127.34000000000002,1557152032000,600
2033,127.33852000000002,1557152033000,451
2034,127.34015384615383,1557152034000,1766
2035,127.32278888888884,1557152035000,1646
2036,127.32354285714284,1557152036000,1105
2037,127.3195,1557152037000,25
2038,127.31715,1557152038000,150
2039,127.31971111111108,1557152039000,611
2040,127.3144,1557152040000,500
2041,127.3099909090909,1557152041000,1813
2042,127.31709677419352,1557152042000,6136
2043,127.33812499999996,1557152043000,6176
2044,127.360215,1557152044000,4352
2045,127.375,1557152045000,25
2046,127.37,1557152046000,42
2047,127.36845624999997,1557152047000,1749
2048,127.36619999999999,1557152048000,377
2049,127.35653199999999,1557152049000,2339
2050,127.35888888888888,1557152050000,700
2051,127.365,1557152051000,75
2052,127.374,1557152052000,520
2053,127.37,1557152053000,300
2054,127.3799,1557152054000,10
2055,127.38,1557152055000,82
2056,127.38,1557152056000,50
2057,127.38473157894741,1557152057000,2231
2058,127.38550000000001,1557152058000,410
2059,127.37566818181821,1557152059000,2102
2060,127.35333333333331,1557152060000,250
2061,127.3485,1557152061000,890
2062,127.34125,1557152062000,305
2063,127.34,1557152063000,25
2064,127.3356,1557152064000,26
2065,127.34,1557152065000,1
2066,127.33,1557152066000,426
2067,127.31297659574477,1557152067000,5907
2068,127.31938461538456,1557152068000,3346
2069,127.33154615384615,1557152069000,850
2070,127.31,1557152070000,200
2071,127.31181818181817,1557152071000,778
2072,127.3125,1557152072000,105
2073,127.30319999999999,1557152073000,1188
2074,127.3199,1557152074000,1
2075,127.31809999999999,1557152075000,213
2076,127.31055555555554,1557152076000,945
2077,127.30974285714284,1557152077000,1150
2078,127.31,1557152078000,130
2079,127.3141142857143,1557152079000,1009
2080,127.31,1557152080000,200
2081,127.3177,1557152081000,159
2082,127.30999999999996,1557152082000,4036
2083,127.30131052631577,1557152083000,1570
2084,127.30526,1557152084000,1110
2085,127.30034482758627,1557152085000,3146
2086,127.30484999999999,1557152086000,752
2087,127.3,1557152087000,100
2088,127.2984733333333,1557152088000,1485
2089,127.2892588235294,1557152089000,1431
2090,127.29,1557152090000,845
2091,127.30316363636365,1557152091000,2954
2092,127.31048181818178,1557152092000,956
2093,127.30600000000001,1557152093000,33
2094,127.30999999999997,1557152094000,526
2095,127.30702500000001,1557152095000,99
2096,127.30055555555555,1557152096000,867
2097,127.3,1557152097000,100
2098,127.3,1557152098000,100
2099,127.2999,1557152099000,80
2100,127.30214285714285,1557152100000,438
2101,127.31811499999999,1557152101000,2715
2102,127.32,1557152102000,221
2103,127.3148,1557152103000,50
2104,127.31999999999996,1557152104000,379
2105,127.31999999999998,1557152105000,418
2106,127.32099999999998,1557152106000,349
2107,127.32102499999999,1557152107000,320
2108,127.32,1557152108000,300
2109,127.33,1557152109000,200
2110,127.3331,1557152110000,515
2111,127.33687500000002,1557152111000,428
2112,127.343,1557152112000,200
2113,127.35,1557152113000,200
2114,127.33999166666666,1557152114000,1002
2115,127.33077272727273,1557152115000,1217
2116,127.31833333333333,1557152116000,482
2117,127.31848571428573,1557152117000,503
2118,127.31263636363633,1557152118000,628
2119,127.29687692307692,1557152119000,1037
2120,127.27279166666669,1557152120000,908
2121,127.26217777777778,1557152121000,1576
2122,127.26243333333333,1557152122000,3851
2123,127.26627906976752,1557152123000,4996
2124,127.26995,1557152124000,15
2125,127.27261176470587,1557152125000,1912
2126,127.27516666666668,1557152126000,479
2127,127.27289999999999,1557152127000,7
2128,127.27184166666666,1557152128000,1515
2129,127.26,1557152129000,304
2130,127.25507999999999,1557152130000,45
2131,127.25001999999999,1557152131000,200
2132,127.25002608695654,1557152132000,3583
2133,127.25,1557152133000,50
2134,127.2360909090909,1557152134000,2125
2135,127.234375,1557152135000,1116
2136,127.2372,1557152136000,275
2137,127.24330000000002,1557152137000,708
2138,127.231415,1557152138000,1861
2139,127.24233333333335,1557152139000,540
2140,127.22948333333333,1557152140000,980
2141,127.24,1557152141000,10
2142,127.230625,1557152142000,830
2143,127.23275,1557152143000,220
2144,127.24,1557152144000,100
2145,127.24290370370366,1557152145000,5519
2146,127.24352941176467,1557152146000,3550
2147,127.26277777777779,1557152147000,602
2148,127.26874285714284,1557152148000,1310
2149,127.27547692307697,1557152149000,3084
2150,127.295,1557152150000,407
2151,127.29915,1557152151000,939
2152,127.29518571428574,1557152152000,2905
2153,127.29075,1557152153000,85
2154,127.298,1557152154000,510
2155,127.2972,1557152155000,26
2156,127.2953,1557152156000,50
2157,127.29,1557152157000,6
2158,127.30494473684215,1557152158000,4382
2159,127.3,1557152159000,50
2160,127.295,1557152160000,350
2161,127.2905,1557152161000,1059
2162,127.28604565217388,1557152162000,5264
2163,127.34265520833355,1557152163000,10021
2164,127.38611764705863,1557152164000,19006
2165,127.3605293333334,1557152165000,7973
2166,127.37426315789476,1557152166000,2212
2167,127.38000000000001,1557152167000,1200
2168,127.3703,1557152168000,2
2169,127.38364999999999,1557152169000,64
2170,127.38,1557152170000,6
2171,127.385,1557152171000,101
2172,127.385,1557152172000,6
2173,127.37729999999999,1557152173000,3100
2174,127.35182499999999,1557152174000,530
2175,127.3367857142857,1557152175000,1823
2176,127.34246666666667,1557152176000,191
2177,127.34,1557152177000,100
2178,127.33186666666667,1557152178000,240
2179,127.32166666666666,1557152179000,703
2180,127.29599999999998,1557152180000,837
2181,127.28714285714285,1557152181000,551
2182,127.29,1557152182000,100
2183,127.30239999999999,1557152183000,750
2184,127.31712,1557152184000,443
2185,127.3249,1557152185000,508
2186,127.3106,1557152186000,123
2187,127.30442500000001,1557152187000,127
2188,127.3,1557152188000,4
2189,127.3041,1557152189000,118
2190,127.309625,1557152190000,202
2191,127.31807692307694,1557152191000,2435
2192,127.323025,1557152192000,829
2193,127.32525000000001,1557152193000,239
2194,127.33635000000001,1557152194000,536
2195,127.34195,1557152195000,140
2196,127.3458,1557152196000,233
2197,127.35267222222221,1557152197000,1727
2198,127.34790769230767,1557152198000,1409
2199,127.3426,1557152199000,216
2200,127.33092727272728,1557152200000,1239
2201,127.325,1557152201000,100
2202,127.31757777777777,1557152202000,726
2203,127.29469666666675,1557152203000,6387
2204,127.27924615384616,1557152204000,2101
2205,127.26842857142857,1557152205000,775
2206,127.27450000000003,1557152206000,1774
2207,127.28206666666665,1557152207000,616
2208,127.27184210526316,1557152208000,1911
2209,127.2775,1557152209000,301
2210,127.27188333333334,1557152210000,1430
2211,127.2654,1557152211000,34
2212,127.27005000000001,1557152212000,403
2213,127.25813243243243,1557152213000,3494
2214,127.25746999999998,1557152214000,919
2215,127.27,1557152215000,222
2216,127.274275,1557152216000,221
2217,127.28066521739133,1557152217000,1397
2218,127.28833333333334,1557152218000,201
2219,127.295,1557152219000,1
2220,127.2775,1557152220000,396
2221,127.25829000000002,1557152221000,1029
2222,127.23260416666659,1557152222000,5141
2223,127.25582,1557152223000,368
2224,127.25866666666667,1557152224000,129
2225,127.26,1557152225000,71
2226,127.26106428571428,1557152226000,1220
2227,127.24448181818184,1557152227000,794
2228,127.2441,1557152228000,575
2229,127.23198333333333,1557152229000,1061
2230,127.23773333333332,1557152230000,680
2231,127.23998999999999,1557152231000,1183
2232,127.2493,1557152232000,25
2233,127.23916666666666,1557152233000,701
2234,127.23,1557152234000,425
2235,127.23700000000001,1557152235000,220
2236,127.23955000000001,1557152236000,51
2237,127.24,1557152237000,127
2238,127.235,1557152238000,91
2239,127.23515,1557152239000,101
2240,127.242,1557152240000,530
2241,127.23899999999999,1557152241000,229
2242,127.24,1557152242000,100
2243,127.23,1557152243000,14
2244,127.24995,1557152244000,501
2245,127.25614285714288,1557152245000,1107
2246,127.26751666666667,1557152246000,319
2247,127.27,1557152247000,93
2248,127.26705999999999,1557152248000,118
2249,127.25275588235287,1557152249000,4088
2250,127.24837500000001,1557152250000,86
2251,127.2549,1557152251000,423
2252,127.2692,1557152252000,26
2253,127.25916666666666,1557152253000,566
2254,127.27000000000001,1557152254000,915
2255,127.28,1557152255000,4
2256,127.28545454545453,1557152256000,1296
2257,127.29,1557152257000,300
2258,127.30521739130432,1557152258000,1062
2259,127.32,1557152259000,21
2260,127.3206857142857,1557152260000,449
2261,127.32,1557152261000,58
2262,127.31979999999999,1557152262000,392
2263,127.31985,1557152263000,1767
2264,127.328575,1557152264000,651
2265,127.33,1557152265000,8
2266,127.33,1557152266000,23
2267,127.32625,1557152267000,696
2268,127.2482,1557152268000,100
2269,127.3255,1557152269000,1100
2270,127.31517894736841,1557152270000,1845
2271,127.29963076923076,1557152271000,932
2272,127.29443333333332,1557152272000,612
2273,127.29,1557152273000,306
2274,127.30712857142855,1557152274000,305
2275,127.32,1557152275000,1
2276,127.29555555555554,1557152276000,1971
2277,127.29137500000002,1557152277000,235
2278,127.29189999999998,1557152278000,571
2279,127.2925,1557152279000,200
2280,127.3,1557152280000,600
2281,127.30166666666666,1557152281000,200
2282,127.30785714285715,1557152282000,414
2283,127.3125,1557152283000,240
2284,127.32,1557152284000,6
2285,127.32000000000001,1557152285000,794
2286,127.32088181818177,1557152286000,756
2287,127.32149999999999,1557152287000,220
2288,127.323,1557152288000,1000
2289,127.3343181818182,1557152289000,2528
2290,127.34115,1557152290000,340
2291,127.3341,1557152291000,100
2292,127.33343333333333,1557152292000,162
2293,127.33333333333333,1557152293000,633
2294,127.33,1557152294000,470
2295,127.32896428571426,1557152295000,1912
2296,127.33,1557152296000,1305
2297,127.32833333333333,1557152297000,200
2298,127.3219,1557152298000,75
2299,127.3193636363636,1557152299000,868
2300,127.31487142857141,1557152300000,1758
2301,127.32666666666667,1557152301000,112
2302,127.32796,1557152302000,209
2303,127.31925833333331,1557152303000,1025
2304,127.3048,1557152304000,106
2305,127.28897619047618,1557152305000,1613
2306,127.27250000000001,1557152306000,301
2307,127.28284285714285,1557152307000,454
2308,127.29,1557152308000,130
2309,127.28768,1557152309000,500
2310,127.28,1557152310000,91
2311,127.2899,1557152311000,200
2312,127.29083333333334,1557152312000,400
2313,127.3,1557152313000,552
2314,127.30219999999998,1557152314000,839
2315,127.2825,1557152315000,64
2316,127.28970952380953,1557152316000,1906
2317,127.29288,1557152317000,456
2318,127.29,1557152318000,226
2319,127.29663333333333,1557152319000,111
2320,127.29024499999998,1557152320000,1071
2321,127.29,1557152321000,150
2322,127.287,1557152322000,100
2323,127.2925,1557152323000,401
2324,127.29808333333334,1557152324000,505
2325,127.30782857142856,1557152325000,632
2326,127.3084,1557152326000,25
2327,127.30833333333334,1557152327000,14
2328,127.31,1557152328000,320
2329,127.31,1557152329000,40
2330,127.31,1557152330000,100
2331,127.31244,1557152331000,700
2332,127.30483870967745,1557152332000,3057
2333,127.30829999999999,1557152333000,56
2334,127.2925,1557152334000,251
2335,127.2923,1557152335000,50
2336,127.2936,1557152336000,25
2337,127.3,1557152337000,100
2338,127.29495,1557152338000,16
2339,127.30076153846151,1557152339000,1353
2340,127.32012499999996,1557152340000,1229
2341,127.34,1557152341000,4
2342,127.33330000000001,1557152342000,121
2343,127.32975555555556,1557152343000,990
2344,127.32873333333333,1557152344000,408
2345,127.34083333333332,1557152345000,939
2346,127.3454,1557152346000,20
2347,127.34066666666665,1557152347000,1057
2348,127.34041666666667,1557152348000,2170
2349,127.36098333333332,1557152349000,1731
2350,127.37079729729723,1557152350000,4437
2351,127.3640909090909,1557152351000,1346
2352,127.36166666666666,1557152352000,355
2353,127.36731578947368,1557152353000,1904
2354,127.36770000000001,1557152354000,43
2355,127.3691,1557152355000,423
2356,127.38485714285714,1557152356000,1053
2357,127.38499999999999,1557152357000,161
2358,127.38,1557152358000,300
2359,127.370625,1557152359000,1149
2360,127.366425,1557152360000,249
2361,127.37,1557152361000,265
2362,127.39030000000002,1557152362000,3752
2363,127.39856363636365,1557152363000,3718
2364,127.39735714285719,1557152364000,1906
2365,127.4042,1557152365000,200
2366,127.38636,1557152366000,2402
2367,127.38728,1557152367000,1455
2368,127.3899,1557152368000,2
2369,127.39,1557152369000,904
2370,127.38603636363636,1557152370000,1000
2371,127.38333333333334,1557152371000,586
2372,127.38415714285713,1557152372000,324
2373,127.39,1557152373000,182
2374,127.39,1557152374000,47
2375,127.38883333333332,1557152375000,22
2376,127.39000000000001,1557152376000,903
2377,127.39350000000002,1557152377000,916
2378,127.4,1557152378000,240
2379,127.39529999999999,1557152379000,124
2380,127.39875,1557152380000,213
2381,127.39484999999999,1557152381000,40
2382,127.39200000000001,1557152382000,204
2383,127.37499999999997,1557152383000,3603
2384,127.37666666666665,1557152384000,900
2385,127.39,1557152385000,200
2386,127.38,1557152386000,33
2387,127.3978,1557152387000,291
2388,127.39770714285717,1557152388000,1498
2389,127.396,1557152389000,402
2390,127.39,1557152390000,212
2391,127.4,1557152391000,25
2392,127.3946,1557152392000,28
2393,127.37993636363639,1557152393000,977
2394,127.38139999999999,1557152394000,565
2395,127.37,1557152395000,100
2396,127.38199999999999,1557152396000,1115
2397,127.38543333333332,1557152397000,132
2398,127.3858,1557152398000,78
2399,127.38513333333333,1557152399000,111
2400,127.39,1557152400000,320
2401,127.38833333333334,1557152401000,215
2402,127.39,1557152402000,100
2403,127.39,1557152403000,315
2404,127.395,1557152404000,300
2405,127.4098,1557152405000,1954
2406,127.41,1557152406000,100
2407,127.41140416666666,1557152407000,2332
2408,127.42166666666668,1557152408000,1821
2409,127.4325,1557152409000,6
2410,127.44078947368426,1557152410000,1445
2411,127.442,1557152411000,100
2412,127.44974358974349,1557152412000,3873
2413,127.45400500000002,1557152413000,4342
2414,127.46345294117648,1557152414000,2581
2415,127.47000000000001,1557152415000,1216
2416,127.46666666666665,1557152416000,118
2417,127.4562038461538,1557152417000,3163
2418,127.46555555555557,1557152418000,1100
2419,127.4705,1557152419000,1136
2420,127.47072,1557152420000,335
2421,127.47800000000001,1557152421000,65
2422,127.477,1557152422000,46
2423,127.47558000000001,1557152423000,127
2424,127.474425,1557152424000,1026
2425,127.48285714285714,1557152425000,334
2426,127.4816,1557152426000,845
2427,127.46620000000001,1557152427000,2513
2428,127.4599,1557152428000,40
2429,127.46,1557152429000,116
2430,127.4637,1557152430000,32
2431,127.47,1557152431000,1
2432,127.468175,1557152432000,299
2433,127.4631,1557152433000,412
2434,127.44544444444439,1557152434000,5666
2435,127.44,1557152435000,405
2436,127.43843999999999,1557152436000,306
2437,127.42734999999999,1557152437000,372
2438,127.40257500000001,1557152438000,650
2439,127.405,1557152439000,100
2440,127.40503999999999,1557152440000,268
2441,127.4075,1557152441000,207
2442,127.40107142857144,1557152442000,1427
2443,127.40555555555554,1557152443000,513
2444,127.42,1557152444000,1
2445,127.414125,1557152445000,260
2446,127.4148,1557152446000,25
2447,127.4153,1557152447000,100
2448,127.42199090909092,1557152448000,908
2449,127.45313333333333,1557152449000,27
2450,127.45994999999999,1557152450000,4
2451,127.4575,1557152451000,1101
2452,127.46,1557152452000,102
2453,127.47170000000001,1557152453000,320
2454,127.47088571428573,1557152454000,1284
2455,127.47,1557152455000,33
2456,127.47555,1557152456000,8
2457,127.475,1557152457000,16
2458,127.4785,1557152458000,23
2459,127.475,1557152459000,100
2460,127.48223333333334,1557152460000,415
2461,127.47571428571429,1557152461000,850
2462,127.47,1557152462000,100
2463,127.47250000000001,1557152463000,160
2464,127.47196000000001,1557152464000,1859
2465,127.46079230769234,1557152465000,896
2466,127.4625,1557152466000,724
2467,127.46624999999999,1557152467000,58
2468,127.46925,1557152468000,101
2469,127.4724,1557152469000,507
2470,127.475825,1557152470000,471
2471,127.47041666666668,1557152471000,1200
2472,127.46833333333335,1557152472000,263
2473,127.46880000000002,1557152473000,202
2474,127.46516666666668,1557152474000,255
2475,127.46166666666666,1557152475000,8
2476,127.465,1557152476000,1
2477,127.47681818181817,1557152477000,833
2478,127.47928571428572,1557152478000,585
2479,127.48141666666668,1557152479000,856
2480,127.48984999999999,1557152480000,3141
2481,127.49978723404259,1557152481000,8972
2482,127.50450000000001,1557152482000,742
2483,127.492,1557152483000,846
2484,127.4868,1557152484000,1007
2485,127.49063333333334,1557152485000,300
2486,127.48942857142858,1557152486000,2128
2487,127.50985714285717,1557152487000,3501
2488,127.51,1557152488000,200
2489,127.51406,1557152489000,237
2490,127.5243,1557152490000,311
2491,127.52120000000001,1557152491000,205
2492,127.53,1557152492000,7
2493,127.52018399999999,1557152493000,2515
2494,127.52194444444444,1557152494000,1041
2495,127.52214285714285,1557152495000,1203
2496,127.52805,1557152496000,229
2497,127.52109999999999,1557152497000,130
2498,127.52136666666667,1557152498000,155
2499,127.5252,1557152499000,165
2500,127.53220526315786,1557152500000,3508
2501,127.5499,1557152501000,1
2502,127.54825,1557152502000,1101
2503,127.54678571428572,1557152503000,379
2504,127.55126666666666,1557152504000,700
2505,127.56999999999995,1557152505000,2050
2506,127.57266,1557152506000,461
2507,127.55811666666666,1557152507000,9904
2508,127.56475,1557152508000,275
2509,127.56796,1557152509000,713
2510,127.57499999999999,1557152510000,113
2511,127.575,1557152511000,100
2512,127.58,1557152512000,100
2513,127.58499999999995,1557152513000,9894
2514,127.58829230769233,1557152514000,752
2515,127.5895,1557152515000,100
2516,127.59711612903223,1557152516000,2279
2517,127.5875,1557152517000,29
2518,127.60490566037733,1557152518000,6439
2519,127.59544000000001,1557152519000,1220
2520,127.59633333333332,1557152520000,1209
2521,127.59133333333335,1557152521000,415
2522,127.5997,1557152522000,4
2523,127.59,1557152523000,10
2524,127.5975,1557152524000,13
2525,127.58898666666664,1557152525000,1369
2526,127.59642,1557152526000,539
2527,127.59883518518528,1557152527000,4737
2528,127.57868043478261,1557152528000,3768
2529,127.5647714285714,1557152529000,1200
2530,127.5716222222222,1557152530000,369
2531,127.57846190476188,1557152531000,1292
2532,127.58463333333333,1557152532000,513
2533,127.58030000000001,1557152533000,446
2534,127.57553333333333,1557152534000,166
2535,127.57833333333333,1557152535000,330
2536,127.5738,1557152536000,1000
2537,127.5804,1557152537000,515
2538,127.59,1557152538000,199
2539,127.5686202380951,1557152539000,9927
2540,127.55863636363634,1557152540000,1004
2541,127.55745,1557152541000,12
2542,127.559,1557152542000,55
2543,127.54811428571428,1557152543000,662
2544,127.55372307692303,1557152544000,1151
2545,127.56742999999997,1557152545000,687
2546,127.565,1557152546000,225
2547,127.56768,1557152547000,412
2548,127.56255,1557152548000,43
2549,127.5678857142857,1557152549000,1100
2550,127.56,1557152550000,100
2551,127.55,1557152551000,100
2552,127.56020000000001,1557152552000,1245
2553,127.5697,1557152553000,3
2554,127.56745000000001,1557152554000,266
2555,127.56200000000001,1557152555000,221
2556,127.565,1557152556000,100
2557,127.56615,1557152557000,1564
2558,127.5691,1557152558000,70
2559,127.56354999999999,1557152559000,230
2560,127.57,1557152560000,200
2561,127.57105263157894,1557152561000,1321
2562,127.568,1557152562000,600
2563,127.583,1557152563000,750
2564,127.59427272727272,1557152564000,750
2565,127.605,1557152565000,15
2566,127.6,1557152566000,33
2567,127.6077827586207,1557152567000,2781
2568,127.6087375,1557152568000,2238
2569,127.60166666666667,1557152569000,1003
2570,127.61,1557152570000,5
2571,127.60734,1557152571000,294
2572,127.60678888888889,1557152572000,6505
2573,127.605,1557152573000,200
2574,127.61,1557152574000,302
2575,127.61505,1557152575000,20
2576,127.6249785714286,1557152576000,1244
2577,127.631875,1557152577000,449
2578,127.63555,1557152578000,505
2579,127.63558,1557152579000,3113
2580,127.64115384615388,1557152580000,1353
2581,127.64558,1557152581000,3759
2582,127.64606666666667,1557152582000,210
2583,127.64959999999999,1557152583000,1430
2584,127.65353333333333,1557152584000,154
2585,127.65995555555557,1557152585000,3421
2586,127.66,1557152586000,200
2587,127.65999999999994,1557152587000,3361
2588,127.66090909090909,1557152588000,926
2589,127.65098,1557152589000,460
2590,127.65165999999999,1557152590000,1535
2591,127.63469729729732,1557152591000,6014
