,price,unix_time,volume
0,205.51663584905674,1563198000000,4285
1,205.50454545454548,1563198001000,577
2,205.5212,1563198002000,608
3,205.52714285714288,1563198003000,800
4,205.5147125,1563198004000,677
5,205.5178,1563198005000,171
6,205.53447999999997,1563198006000,464
7,205.545,1563198007000,806
8,205.25003999999998,1563198008000,184
9,205.25003999999998,1563198009000,1742
10,205.25003999999998,1563198010000,848
11,205.25003999999998,1563198011000,1212
12,205.25003999999998,1563198012000,493
13,205.4917391304348,1563198013000,1678
14,205.55499999999998,1563198014000,494
15,205.57010000000002,1563198015000,65
16,205.56797999999998,1563198016000,652
17,205.57516296296293,1563198017000,1554
18,205.57857142857142,1563198018000,447
19,205.58083333333335,1563198019000,1447
20,205.60368421052627,1563198020000,3848
21,205.62233478260876,1563198021000,5228
22,205.62726842105266,1563198022000,2444
23,205.64682380952385,1563198023000,1586
24,205.636725,1563198024000,5620
25,205.64016666666666,1563198025000,2233
26,205.5235,1563198026000,4533
27,205.60250000000005,1563198027000,4184
28,205.60790555555548,1563198028000,4296
29,205.61988000000002,1563198029000,650
30,205.62833333333333,1563198030000,410
31,205.6325,1563198031000,320
32,205.54339285714292,1563198032000,665
33,205.65003000000002,1563198033000,1396
34,205.64866250000003,1563198034000,10326
35,205.66,1563198035000,50
36,205.66022162162162,1563198036000,3778
37,205.67673333333337,1563198037000,962
38,205.68848571428572,1563198038000,146
39,205.67146206896547,1563198039000,2193
40,205.66006666666667,1563198040000,1296
41,205.6463,1563198041000,3
42,205.66266000000002,1563198042000,2817
43,205.66330833333333,1563198043000,1181
44,205.68400000000003,1563198044000,735
45,205.69939999999997,1563198045000,299
46,205.718,1563198046000,3805
47,205.7217833333333,1563198047000,3500
48,205.5302875,1563198048000,446
49,205.73,1563198049000,52
50,205.73444390243893,1563198050000,11884
51,205.75336666666666,1563198051000,210
52,205.76,1563198052000,125
53,205.78316562499998,1563198053000,7634
54,205.78719999999998,1563198054000,1150
55,205.79926600000007,1563198055000,11230
56,205.82419272727265,1563198056000,9640
57,205.83000322580648,1563198057000,7796
58,205.81885714285724,1563198058000,4066
59,205.82257142857145,1563198059000,4679
60,205.78409285714287,1563198060000,3147
61,205.77323333333334,1563198061000,1987
62,205.48941666666664,1563198062000,1101
63,205.7643,1563198063000,1457
64,205.80470294117654,1563198064000,2280
65,205.79870588235298,1563198065000,1580
66,205.792,1563198066000,716
67,205.79755999999998,1563198067000,315
68,205.6297222222222,1563198068000,867
69,205.60449999999997,1563198069000,351
70,205.385,1563198070000,514
71,205.385,1563198071000,75
72,205.385,1563198072000,4770
73,205.385,1563198073000,178
74,205.385,1563198074000,4830
75,205.385,1563198075000,6731
76,205.385,1563198076000,1312
77,205.385,1563198077000,919
78,205.61904999999996,1563198078000,768
79,205.8121269230769,1563198079000,3165
80,205.78275000000002,1563198080000,1993
81,205.6984210526316,1563198081000,1179
82,205.79290909090912,1563198082000,6272
83,205.72952272727278,1563198083000,1058
84,205.5550333333333,1563198084000,1008
85,205.8458333333333,1563198085000,530
86,205.83900999999997,1563198086000,705
87,205.82857777777775,1563198087000,853
88,205.76335833333334,1563198088000,1330
89,205.82621304347828,1563198089000,2831
90,205.84690769230764,1563198090000,2755
91,205.84231463414636,1563198091000,4880
92,205.83288888888887,1563198092000,1009
93,205.83,1563198093000,100
94,205.77794838709676,1563198094000,3123
95,205.78723999999997,1563198095000,437
96,205.7965,1563198096000,289
97,205.805,1563198097000,7
98,205.79014999999998,1563198098000,1300
99,205.77945625000007,1563198099000,1698
100,205.78321875000006,1563198100000,2625
101,205.73406250000005,1563198101000,707
102,205.6575,1563198102000,601
103,205.77163823529443,1563198103000,9902
104,205.7761457142858,1563198104000,4500
105,205.7759259259261,1563198105000,2473
106,205.7747,1563198106000,100
107,205.76956000000018,1563198107000,2879
108,205.72703636363636,1563198108000,5555
109,205.7226,1563198109000,247
110,205.72608,1563198110000,727
111,205.64567000000002,1563198111000,1252
112,205.70464285714283,1563198112000,3529
113,205.6539846153846,1563198113000,1150
114,205.64534782608703,1563198114000,2851
115,205.62206999999992,1563198115000,3616
116,205.62060000000002,1563198116000,1261
117,205.62619999999998,1563198117000,150
118,205.62647272727273,1563198118000,1350
119,205.60562500000006,1563198119000,2619
120,205.57874999999999,1563198120000,950
121,205.58052105263158,1563198121000,1172
122,205.61686296296304,1563198122000,5106
123,205.6229571428571,1563198123000,226
124,205.63251250000002,1563198124000,655
125,205.60923333333332,1563198125000,4427
126,205.61295,1563198126000,500
127,205.60875000000004,1563198127000,571
128,205.6079375,1563198128000,724
129,205.602475,1563198129000,1508
130,205.6082,1563198130000,15
131,205.61049189189197,1563198131000,3173
132,205.592875,1563198132000,9
133,205.57323076923078,1563198133000,2024
134,205.55,1563198134000,150
135,205.55311904761908,1563198135000,2679
136,205.55037142857148,1563198136000,741
137,205.56146428571427,1563198137000,808
138,205.55671249999997,1563198138000,900
139,205.57121999999998,1563198139000,180
140,205.57503333333332,1563198140000,4129
141,205.5738461538462,1563198141000,884
142,205.58568999999997,1563198142000,612
143,205.58,1563198143000,159
144,205.58384615384614,1563198144000,1286
145,205.57508571428568,1563198145000,1033
146,205.587,1563198146000,155
147,205.58768,1563198147000,300
148,205.59443333333334,1563198148000,423
149,205.589505882353,1563198149000,1151
150,205.5912857142857,1563198150000,431
151,205.59466666666665,1563198151000,401
152,205.59920000000002,1563198152000,172
153,205.5901,1563198153000,2
154,205.61666666666667,1563198154000,942
155,205.63,1563198155000,374
156,205.64688235294116,1563198156000,2015
157,205.63684999999995,1563198157000,439
158,205.6296,1563198158000,200
159,205.63880000000003,1563198159000,37
160,205.6444,1563198160000,243
161,205.65200000000002,1563198161000,2098
162,205.67,1563198162000,100
163,205.68,1563198163000,23
164,205.6736,1563198164000,716
165,205.67040000000003,1563198165000,315
166,205.70296296296294,1563198166000,2755
167,205.7103266666667,1563198167000,1629
168,205.69505781250004,1563198168000,6227
169,205.67,1563198169000,31
170,205.67333333333337,1563198170000,205
171,205.685,1563198171000,110
172,205.6821,1563198172000,95
173,205.6833,1563198173000,1103
174,205.68540909090913,1563198174000,540
175,205.6652076923077,1563198175000,2229
176,205.70284285714288,1563198176000,797
177,205.7119,1563198177000,2000
178,205.74319999999992,1563198178000,1695
179,205.71251999999998,1563198179000,710
180,205.72,1563198180000,47
181,205.70857999999998,1563198181000,128
182,205.71003333333337,1563198182000,156
183,205.709925,1563198183000,1002
184,205.72137000000004,1563198184000,766
185,205.71051666666668,1563198185000,249
186,205.70833333333331,1563198186000,2613
187,205.74045,1563198187000,300
188,205.72749999999996,1563198188000,701
189,205.72,1563198189000,10
190,205.71624000000003,1563198190000,103
191,205.70752727272728,1563198191000,5444
192,205.6698029411765,1563198192000,3263
193,205.64255,1563198193000,151
194,205.64,1563198194000,100
195,205.6174,1563198195000,7
196,205.62946923076927,1563198196000,1264
197,205.62458999999998,1563198197000,1074
198,205.5974418604652,1563198198000,4161
199,205.58404000000002,1563198199000,650
200,205.59029999999996,1563198200000,1120
201,205.6426,1563198201000,193
202,205.6661,1563198202000,278
203,205.64885000000004,1563198203000,618
204,205.6427,1563198204000,93
205,205.666,1563198205000,888
206,205.68608,1563198206000,311
207,205.6708941176471,1563198207000,1828
208,205.65166666666664,1563198208000,400
209,205.6319,1563198209000,29
210,205.63458333333332,1563198210000,570
211,205.63166666666666,1563198211000,400
212,205.64666666666668,1563198212000,2300
213,205.64575000000002,1563198213000,1185
214,205.647775,1563198214000,920
215,205.64999999999998,1563198215000,335
216,205.66,1563198216000,277
217,205.63917499999994,1563198217000,1956
218,205.62586363636362,1563198218000,1591
219,205.58975,1563198219000,1790
220,205.61329999999998,1563198220000,359
221,205.63,1563198221000,120
222,205.63599999999997,1563198222000,504
223,205.63275555555563,1563198223000,3807
224,205.64488,1563198224000,942
225,205.64,1563198225000,100
226,205.64273333333333,1563198226000,118
227,205.64203333333333,1563198227000,2152
228,205.64,1563198228000,207
229,205.64,1563198229000,300
230,205.632525,1563198230000,450
231,205.6402,1563198231000,25
232,205.64213333333336,1563198232000,553
233,205.6288888888889,1563198233000,1517
234,205.64333333333332,1563198234000,302
235,205.6355,1563198235000,3
236,205.64991666666666,1563198236000,597
237,205.6401,1563198237000,1
238,205.63999999999993,1563198238000,487
239,205.636195,1563198239000,1527
240,205.6062903225807,1563198240000,2024
241,205.5867,1563198241000,493
242,205.57638000000003,1563198242000,160
243,205.58,1563198243000,100
244,205.57619999999997,1563198244000,559
245,205.575,1563198245000,100
246,205.5739,1563198246000,1600
247,205.53513611111114,1563198247000,2695
248,205.50692500000002,1563198248000,1068
249,205.51251666666667,1563198249000,999
250,205.53379,1563198250000,688
251,205.51775,1563198251000,733
252,205.52597999999998,1563198252000,308
253,205.51999999999998,1563198253000,451
254,205.48553947368427,1563198254000,3039
255,205.47950666666668,1563198255000,1291
256,205.46584285714286,1563198256000,4801
257,205.46704999999997,1563198257000,504
258,205.47266071428564,1563198258000,2713
259,205.491475,1563198259000,285
260,205.51,1563198260000,70
261,205.5126,1563198261000,305
262,205.49455714285713,1563198262000,1614
263,205.49110000000002,1563198263000,1532
264,205.50578000000002,1563198264000,958
265,205.51394,1563198265000,373
266,205.50576666666666,1563198266000,230
267,205.53,1563198267000,1633
268,205.50346428571427,1563198268000,2745
269,205.49248518518513,1563198269000,6000
270,205.47999999999996,1563198270000,257
271,205.4973,1563198271000,200
272,205.48005,1563198272000,101
273,205.48275,1563198273000,5035
274,205.48604166666667,1563198274000,2163
275,205.4725,1563198275000,2229
276,205.477475,1563198276000,501
277,205.47136666666665,1563198277000,185
278,205.4230369230769,1563198278000,12477
279,205.43649999999994,1563198279000,1255
280,205.44400000000002,1563198280000,247
281,205.42806666666664,1563198281000,1600
282,205.43227777777778,1563198282000,1362
283,205.441775,1563198283000,2599
284,205.4419,1563198284000,133
285,205.4408,1563198285000,256
286,205.4441,1563198286000,5025
287,205.4425,1563198287000,131
288,205.45572727272727,1563198288000,1574
289,205.44404999999998,1563198289000,296
290,205.45801999999998,1563198290000,621
291,205.45605,1563198291000,510
292,205.45,1563198292000,1920
293,205.4425,1563198293000,336
294,205.44815000000003,1563198294000,291
295,205.4557142857143,1563198295000,807
296,205.43733333333333,1563198296000,1237
297,205.42003333333332,1563198297000,225
298,205.43833333333336,1563198298000,231
299,205.41993333333332,1563198299000,2166
300,205.42890499999993,1563198300000,1401
301,205.42829565217392,1563198301000,3177
302,205.44037692307694,1563198302000,1652
303,205.4407,1563198303000,2468
304,205.45194,1563198304000,898
305,205.4512,1563198305000,1535
306,205.45115555555554,1563198306000,3963
307,205.4375,1563198307000,500
308,205.45,1563198308000,86
309,205.43025,1563198309000,101
310,205.44,1563198310000,1100
311,205.42667608695655,1563198311000,7355
312,205.3913548387099,1563198312000,66766
313,205.426604,1563198313000,1471
314,205.4276055555555,1563198314000,1823
315,205.41416923076923,1563198315000,1461
316,205.37220294117662,1563198316000,85323
317,205.34656249999998,1563198317000,4839
318,205.31099999999998,1563198318000,5299
319,205.3177882352941,1563198319000,1617
320,205.3535294117647,1563198320000,1253
321,205.37105,1563198321000,2550
322,205.37656666666666,1563198322000,230
323,205.38778627450975,1563198323000,7032
324,205.38650666666666,1563198324000,1714
325,205.36377500000003,1563198325000,12369
326,205.35605,1563198326000,54
327,205.36,1563198327000,161
328,205.3471304347826,1563198328000,2243
329,205.36003333333338,1563198329000,520
330,205.34235999999996,1563198330000,2213
331,205.31544166666666,1563198331000,2244
332,205.29315000000003,1563198332000,2381
333,205.30600624999997,1563198333000,3883
334,205.296,1563198334000,1700
335,205.28011935483863,1563198335000,2164
336,205.2905642857143,1563198336000,1723
337,205.2872857142857,1563198337000,1391
338,205.2467595744681,1563198338000,21678
339,205.2154888888889,1563198339000,4723
340,205.20726969696958,1563198340000,4168
341,205.17156333333335,1563198341000,4135
342,205.20201176470576,1563198342000,4336
343,205.2062536585366,1563198343000,3320
344,205.2357199999999,1563198344000,4447
345,205.2844871794873,1563198345000,2608
346,205.2831952380952,1563198346000,6547
347,205.2364645161289,1563198347000,2183
348,205.2493,1563198348000,444
349,205.24666666666667,1563198349000,104
350,205.25446800000017,1563198350000,1781
351,205.25615384615384,1563198351000,4767
352,205.24771,1563198352000,671
353,205.25080645161287,1563198353000,3336
354,205.2335166666667,1563198354000,1648
355,205.2097464285714,1563198355000,3692
356,205.19908666666666,1563198356000,1066
357,205.18446666666668,1563198357000,8
358,205.17402666666663,1563198358000,2823
359,205.19229090909093,1563198359000,1525
360,205.20587058823529,1563198360000,1757
361,205.21575624999994,1563198361000,3007
362,205.24172,1563198362000,721
363,205.27374642857146,1563198363000,3770
364,205.28993333333332,1563198364000,105
365,205.25783611111106,1563198365000,3955
366,205.24200000000002,1563198366000,4
367,205.25563333333332,1563198367000,300
368,205.25202,1563198368000,336
369,205.24475217391296,1563198369000,2707
370,205.22455000000002,1563198370000,74
371,205.21039999999994,1563198371000,1609
372,205.19435714285717,1563198372000,202
373,205.14428571428576,1563198373000,1550
374,205.12835555555552,1563198374000,393
375,205.13808571428567,1563198375000,325
376,205.16146666666668,1563198376000,189
377,205.14937142857144,1563198377000,698
378,205.1392928571429,1563198378000,1568
379,205.15438571428572,1563198379000,700
380,205.16666666666666,1563198380000,200
381,205.15856666666664,1563198381000,711
382,205.16533125000004,1563198382000,1735
383,205.17819230769226,1563198383000,1680
384,205.18125000000003,1563198384000,681
385,205.19000000000003,1563198385000,631
386,205.202425,1563198386000,1090
387,205.235,1563198387000,201
388,205.21875000000003,1563198388000,2834
389,205.2246428571428,1563198389000,3100
390,205.22478,1563198390000,321
391,205.21394166666664,1563198391000,5049
392,205.2110571428572,1563198392000,4545
393,205.23600000000002,1563198393000,840
394,205.24,1563198394000,100
395,205.21319166666663,1563198395000,3530
396,205.20135,1563198396000,103
397,205.19945714285717,1563198397000,581
398,205.1900153846154,1563198398000,1322
399,205.20442000000003,1563198399000,6544
400,205.22628571428572,1563198400000,705
401,205.235,1563198401000,150
402,205.23760000000001,1563198402000,387
403,205.22685454545453,1563198403000,761
404,205.2368,1563198404000,100
405,205.2279,1563198405000,3600
406,205.22039999999996,1563198406000,2608
407,205.22002000000003,1563198407000,318
408,205.21833333333333,1563198408000,104
409,205.21136363636367,1563198409000,2156
410,205.2252230769231,1563198410000,2043
411,205.222,1563198411000,1169
412,205.205,1563198412000,50
413,205.2208,1563198413000,530
414,205.21,1563198414000,41
415,205.20666666666668,1563198415000,65
416,205.20153846153846,1563198416000,839
417,205.20343333333335,1563198417000,2004
418,205.18998571428574,1563198418000,503
419,205.1687,1563198419000,943
420,205.15707758620673,1563198420000,5825
421,205.12734285714276,1563198421000,4807
422,205.117275,1563198422000,1201
423,205.13041666666672,1563198423000,574
424,205.12899230769233,1563198424000,3720
425,205.13166666666666,1563198425000,657
426,205.14,1563198426000,200
427,205.14875000000004,1563198427000,931
428,205.14510833333335,1563198428000,5483
429,205.14197999999996,1563198429000,749
430,205.14561250000003,1563198430000,808
431,205.14835000000002,1563198431000,545
432,205.13932000000005,1563198432000,710
433,205.15,1563198433000,105
434,205.1513,1563198434000,300
435,205.14584736842102,1563198435000,1212
436,205.15016,1563198436000,668
437,205.14698333333334,1563198437000,2165
438,205.155,1563198438000,48
439,205.155,1563198439000,345
440,205.1614285714286,1563198440000,334
441,205.15560000000002,1563198441000,1116
442,205.1567,1563198442000,370
443,205.18191333333328,1563198443000,1257
444,205.2136,1563198444000,441
445,205.21331666666666,1563198445000,305
446,205.20883333333327,1563198446000,1088
447,205.2095708333333,1563198447000,7598
448,205.21376666666666,1563198448000,370
449,205.21428571428572,1563198449000,1404
450,205.21174545454548,1563198450000,5263
451,205.21021249999998,1563198451000,2544
452,205.23871794871783,1563198452000,3566
453,205.237,1563198453000,652
454,205.23345,1563198454000,125
455,205.2269,1563198455000,500
456,205.234,1563198456000,249
457,205.24849285714285,1563198457000,2976
458,205.24025,1563198458000,10
459,205.2489,1563198459000,707
460,205.24458333333328,1563198460000,1474
461,205.2496,1563198461000,885
462,205.26004545454543,1563198462000,2015
463,205.27161250000003,1563198463000,2091
464,205.28125000000003,1563198464000,630
465,205.30599000000007,1563198465000,1335
466,205.30292105263163,1563198466000,2051
467,205.29175517241381,1563198467000,2125
468,205.2985,1563198468000,2091
469,205.30499999999998,1563198469000,251
470,205.31,1563198470000,120
471,205.3116428571429,1563198471000,4240
472,205.30917499999998,1563198472000,452
473,205.30985909090913,1563198473000,1674
474,205.3066666666667,1563198474000,402
475,205.31289545454547,1563198475000,1308
476,205.3,1563198476000,1000
477,205.30283333333333,1563198477000,166
478,205.29125,1563198478000,364
479,205.29746666666665,1563198479000,232
480,205.29425833333332,1563198480000,1968
481,205.28428571428583,1563198481000,3384
482,205.2715076923077,1563198482000,6046
483,205.27214285714285,1563198483000,1490
484,205.2505128205128,1563198484000,3083
485,205.18930487804883,1563198485000,8466
486,205.16941363636369,1563198486000,2042
487,205.19058823529411,1563198487000,1490
488,205.15745593220325,1563198488000,5418
489,205.13211499999997,1563198489000,3538
490,205.13939347826079,1563198490000,5414
491,205.11863333333335,1563198491000,418
492,205.13693333333333,1563198492000,977
493,205.15048571428568,1563198493000,9563
494,205.12751249999997,1563198494000,832
495,205.12247777777782,1563198495000,2175
496,205.14280000000002,1563198496000,32
497,205.15760833333334,1563198497000,1573
498,205.1325,1563198498000,65
499,205.14530000000002,1563198499000,150
500,205.1462272727273,1563198500000,1419
501,205.13271250000003,1563198501000,1403
502,205.12445,1563198502000,385
503,205.14086999999995,1563198503000,1285
504,205.13386666666668,1563198504000,216
505,205.12355813953477,1563198505000,10252
506,205.1585714285714,1563198506000,649
507,205.1501,1563198507000,1219
508,205.15,1563198508000,10
509,205.14583333333331,1563198509000,1604
510,205.16118571428572,1563198510000,776
511,205.17,1563198511000,68
512,205.1619333333333,1563198512000,1105
513,205.15400952380955,1563198513000,4310
514,205.11792,1563198514000,3084
515,205.12917777777773,1563198515000,1987
516,205.13332222222223,1563198516000,957
517,205.12626666666665,1563198517000,1021
518,205.13315,1563198518000,236
519,205.12249999999997,1563198519000,1883
520,205.125,1563198520000,110
521,205.138,1563198521000,431
522,205.1206666666667,1563198522000,225
523,205.1273666666667,1563198523000,5102
524,205.13050000000004,1563198524000,3094
525,205.1175033333332,1563198525000,2899
526,205.12115384615385,1563198526000,639
527,205.1387,1563198527000,92
528,205.13441428571429,1563198528000,525
529,205.1273444444444,1563198529000,7070
530,205.12061538461538,1563198530000,1800
531,205.1289090909091,1563198531000,855
532,205.13846666666666,1563198532000,650
533,205.11752,1563198533000,325
534,205.1125,1563198534000,406
535,205.12296666666666,1563198535000,303
536,205.13384444444443,1563198536000,952
537,205.13336666666666,1563198537000,639
538,205.12666666666667,1563198538000,279
539,205.12338,1563198539000,220
540,205.1326333333333,1563198540000,538
541,205.14600000000002,1563198541000,81
542,205.08926283185863,1563198542000,23397
543,205.08083333333332,1563198543000,800
544,205.07850909090905,1563198544000,649
545,205.09074705882352,1563198545000,4296
546,205.11342727272725,1563198546000,1817
547,205.13463333333334,1563198547000,51
548,205.13529607843145,1563198548000,3544
549,205.10752999999994,1563198549000,488
550,205.11910000000003,1563198550000,514
551,205.12901250000004,1563198551000,325
552,205.13500000000002,1563198552000,1194
553,205.14352941176466,1563198553000,1725
554,205.1309785714286,1563198554000,3458
555,205.11,1563198555000,6
556,205.10833333333335,1563198556000,600
557,205.1155555555555,1563198557000,398
558,205.11,1563198558000,31
559,205.11409090909092,1563198559000,380
560,205.11345,1563198560000,208
561,205.10636666666664,1563198561000,536
562,205.1025772727273,1563198562000,2320
563,205.09555,1563198563000,200
564,205.0833444444444,1563198564000,486
565,205.08053333333336,1563198565000,55
566,205.0891,1563198566000,5000
567,205.08937499999996,1563198567000,1551
568,205.07783809523806,1563198568000,1719
569,205.05499999999998,1563198569000,4173
570,205.05603125,1563198570000,13456
571,205.06622727272733,1563198571000,1820
572,205.05995,1563198572000,947
573,205.0733333333333,1563198573000,923
574,205.07,1563198574000,16
575,205.08,1563198575000,10
576,205.0717,1563198576000,63
577,205.07805000000002,1563198577000,1186
578,205.08,1563198578000,307
579,205.07004999999998,1563198579000,87
580,205.06779999999998,1563198580000,477
581,205.07000000000002,1563198581000,49
582,205.076,1563198582000,300
583,205.0627511627908,1563198583000,5911
584,205.09671052631612,1563198584000,15693
585,205.11560000000006,1563198585000,1638
586,205.13844999999998,1563198586000,211
587,205.16151162790706,1563198587000,4345
588,205.18950000000004,1563198588000,159
589,205.20013285714285,1563198589000,10435
590,205.21791538461534,1563198590000,2321
591,205.2215111111111,1563198591000,4415
592,205.23,1563198592000,56
593,205.21956799999987,1563198593000,3614
594,205.21,1563198594000,1
595,205.20051499999994,1563198595000,1338
596,205.18125,1563198596000,37
597,205.2160857142857,1563198597000,563
598,205.2377513513512,1563198598000,1151
599,205.23,1563198599000,16
600,205.21225714285714,1563198600000,892
601,205.198852173913,1563198601000,1860
602,205.1768263157895,1563198602000,2792
603,205.17260000000002,1563198603000,620
604,205.16149230769236,1563198604000,843
605,205.13561304347823,1563198605000,3820
606,205.11250555555554,1563198606000,3429
607,205.10249999999996,1563198607000,295
608,205.1032,1563198608000,14
609,205.10074324324327,1563198609000,2098
610,205.08599999999996,1563198610000,846
611,205.0887,1563198611000,5
612,205.11828571428572,1563198612000,775
613,205.10831666666664,1563198613000,601
614,205.09,1563198614000,10
615,205.07944444444442,1563198615000,734
616,205.0525,1563198616000,263
617,205.06735999999995,1563198617000,114
618,205.03424137931026,1563198618000,6400
619,205.01166666666668,1563198619000,996
620,205.02197999999999,1563198620000,401
621,205.01500000000004,1563198621000,926
622,205.02266666666665,1563198622000,241
623,205.01360714285713,1563198623000,1008
624,205.05058000000022,1563198624000,1133
625,205.06968799999999,1563198625000,1917
626,205.09277777777777,1563198626000,697
627,205.09377500000002,1563198627000,1134
628,205.0826909090909,1563198628000,410
629,205.07999999999998,1563198629000,803
630,205.1,1563198630000,112
631,205.09,1563198631000,89
632,205.10171111111111,1563198632000,924
633,205.12898124999998,1563198633000,685
634,205.13135,1563198634000,520
635,205.13,1563198635000,11
636,205.12386000000004,1563198636000,3005
637,205.13212,1563198637000,212
638,205.11666666666667,1563198638000,118
639,205.1132,1563198639000,75
640,205.13582272727263,1563198640000,549
641,205.135,1563198641000,300
642,205.0924639999998,1563198642000,6274
643,205.05666666666664,1563198643000,242
644,205.0404166666667,1563198644000,478
645,205.05325000000002,1563198645000,307
646,205.06000000000003,1563198646000,401
647,205.05566111111114,1563198647000,1287
648,205.03678461538462,1563198648000,843
649,205.04111666666665,1563198649000,596
650,204.98843333333363,1563198650000,13956
651,204.96393061224484,1563198651000,12469
652,204.99255,1563198652000,242
653,205.0067647058824,1563198653000,2428
654,205.0385392857143,1563198654000,2018
655,205.01175,1563198655000,836
656,205.0198086956522,1563198656000,2277
657,205.032075,1563198657000,257
658,205.015,1563198658000,200
659,205.01133333333343,1563198659000,2199
660,205.00088235294118,1563198660000,417
661,204.98967307692294,1563198661000,2929
662,204.98007454545433,1563198662000,5369
663,204.99036,1563198663000,2005
664,205.0005758620689,1563198664000,1596
665,205.02195714285716,1563198665000,457
666,205.01666200000008,1563198666000,5107
667,205.01180625000006,1563198667000,1074
668,205.01,1563198668000,300
669,205.0075,1563198669000,844
670,205.01628024691368,1563198670000,15574
671,204.9923,1563198671000,66
672,204.99666666666667,1563198672000,1490
673,205.00357142857152,1563198673000,2308
674,205.00266571428577,1563198674000,2686
675,205.0198,1563198675000,139
676,205.01504545454546,1563198676000,958
677,205.0263,1563198677000,156
678,205.03093333333334,1563198678000,2501
679,205.0351125,1563198679000,520
680,205.03375,1563198680000,1500
681,205.025275,1563198681000,211
682,205.02012380952385,1563198682000,2426
683,205.015,1563198683000,21
684,205.007776,1563198684000,2308
685,204.995,1563198685000,103
686,205.0069230769232,1563198686000,1897
687,205.02405,1563198687000,82
688,205.02155,1563198688000,101
689,205.03106666666667,1563198689000,200
690,205.01986363636362,1563198690000,533
691,205.01236923076928,1563198691000,1034
692,205.0,1563198692000,15
693,205.0,1563198693000,100
694,205.00615384615384,1563198694000,991
695,205.0,1563198695000,291
696,205.00204000000002,1563198696000,77
697,205.00798749999998,1563198697000,1475
698,205.0005,1563198698000,200
699,205.0038,1563198699000,501
700,205.02320833333332,1563198700000,1281
701,205.04395348837215,1563198701000,2778
702,205.04625,1563198702000,2342
703,205.0405,1563198703000,24
704,205.05496499999998,1563198704000,763
705,205.05333333333337,1563198705000,125
706,205.0617,1563198706000,70
707,205.052975,1563198707000,550
708,205.05828333333332,1563198708000,254
709,205.03626666666676,1563198709000,1766
710,205.01375,1563198710000,1252
711,205.02499999999998,1563198711000,200
712,205.04500000000002,1563198712000,45
713,205.04004,1563198713000,434
714,205.0483,1563198714000,25
715,205.0322,1563198715000,419
716,205.01833333333335,1563198716000,323
717,205.01155294117657,1563198717000,1536
718,205.0025,1563198718000,211
719,205.015,1563198719000,125
720,205.022875,1563198720000,1297
721,205.02170714285717,1563198721000,325
722,205.03333333333333,1563198722000,963
723,205.0308,1563198723000,20
724,205.01161250000007,1563198724000,3531
725,205.00390000000002,1563198725000,744
726,205.00225,1563198726000,444
727,205.01637999999997,1563198727000,434
728,204.99327102803733,1563198728000,11904
729,205.02571428571426,1563198729000,2555
730,205.03,1563198730000,111
731,205.01600000000005,1563198731000,587
732,205.009225,1563198732000,541
733,205.02,1563198733000,163
734,205.03965714285712,1563198734000,375
735,205.05584444444443,1563198735000,523
736,205.05898888888885,1563198736000,381
737,205.05451,1563198737000,541
738,205.0308,1563198738000,692
739,205.0194,1563198739000,1495
740,205.01700000000005,1563198740000,641
741,205.02495,1563198741000,340
742,205.0225,1563198742000,430
743,205.02,1563198743000,1056
744,205.0088888888889,1563198744000,508
745,205.03572222222223,1563198745000,696
746,205.03141999999997,1563198746000,213
747,205.0358,1563198747000,453
748,205.03,1563198748000,100
749,205.03005000000002,1563198749000,2
750,205.04066666666665,1563198750000,1551
751,205.045,1563198751000,245
752,205.0441,1563198752000,300
753,205.045,1563198753000,705
754,205.045,1563198754000,100
755,205.0295744680853,1563198755000,3587
756,205.01325,1563198756000,790
757,205.0025,1563198757000,429
758,205.003525,1563198758000,1629
759,205.0030424242425,1563198759000,5799
760,204.9985,1563198760000,54
761,204.98294117647032,1563198761000,11111
762,204.96105,1563198762000,1030
763,204.97346666666664,1563198763000,1021
764,204.9848,1563198764000,150
765,205.0001296296296,1563198765000,2613
766,205.0021434782609,1563198766000,2922
767,204.98,1563198767000,100
768,204.98,1563198768000,65
769,204.9763413793104,1563198769000,3053
770,204.95444444444445,1563198770000,1120
771,204.92544444444448,1563198771000,2137
772,204.91007857142858,1563198772000,4000
773,204.919,1563198773000,3526
774,204.925,1563198774000,105
775,204.93857142857146,1563198775000,508
776,204.9375,1563198776000,175
777,204.9480714285714,1563198777000,1270
778,204.948,1563198778000,237
779,204.95826000000002,1563198779000,46
780,204.94500000000002,1563198780000,548
781,204.92346250000003,1563198781000,521
782,204.93768888888886,1563198782000,1194
783,204.9416666666667,1563198783000,1037
784,204.9332222222222,1563198784000,1535
785,204.92970833333337,1563198785000,4863
786,204.93153846153842,1563198786000,1027
787,204.95785,1563198787000,222
788,204.97406249999997,1563198788000,3123
789,204.9605,1563198789000,167
790,204.96681818181813,1563198790000,2628
791,204.95,1563198791000,100
792,204.9624,1563198792000,5
793,204.95216,1563198793000,260
794,204.96,1563198794000,100
795,204.94999999999996,1563198795000,1368
796,204.95,1563198796000,20000
797,204.93,1563198797000,40
798,204.93078888888894,1563198798000,3191
799,204.92191666666668,1563198799000,700
800,204.90578333333323,1563198800000,18743
801,204.91791764705872,1563198801000,2952
802,204.8985436363635,1563198802000,7630
803,204.90525833333334,1563198803000,1631
804,204.9015142857143,1563198804000,1720
805,204.9172972972973,1563198805000,3130
806,204.91069999999993,1563198806000,3203
807,204.92719032258051,1563198807000,3353
808,204.9333333333333,1563198808000,2322
809,204.92683333333332,1563198809000,2558
810,204.914755,1563198810000,1404
811,204.93529166666667,1563198811000,1836
812,204.93,1563198812000,577
813,204.9354,1563198813000,28
814,204.948,1563198814000,1174
815,204.94045454545457,1563198815000,597
816,204.9435,1563198816000,10
817,204.94666666666663,1563198817000,210
818,204.94269999999997,1563198818000,22
819,204.93910714285713,1563198819000,1779
820,204.92600000000004,1563198820000,1176
821,204.91878095238093,1563198821000,4763
822,204.92806818181816,1563198822000,1378
823,204.9222,1563198823000,1563
824,204.91885789473682,1563198824000,3528
825,204.92603809523803,1563198825000,1865
826,204.93,1563198826000,74
827,204.93185882352938,1563198827000,1223
828,204.93956250000002,1563198828000,650
829,204.935,1563198829000,272
830,204.93,1563198830000,50
831,204.94,1563198831000,100
832,204.94,1563198832000,100
833,204.93090909090913,1563198833000,1264
834,204.92703703703702,1563198834000,2749
835,204.91467333333327,1563198835000,10153
836,204.85693641025648,1563198836000,24985
837,204.87199999999999,1563198837000,1023
838,204.87065,1563198838000,580
839,204.86,1563198839000,111
840,204.86309999999986,1563198840000,6331
841,204.8386111111111,1563198841000,918
842,204.83395,1563198842000,1140
843,204.82802555555543,1563198843000,8644
844,204.83,1563198844000,25
845,204.81827500000003,1563198845000,90
846,204.83455600000005,1563198846000,2082
847,204.83724,1563198847000,2213
848,204.86250000000004,1563198848000,2873
849,204.8858823529411,1563198849000,1528
850,204.888,1563198850000,887
851,204.8827777777778,1563198851000,762
852,204.91415142857153,1563198852000,6224
853,204.92804,1563198853000,990
854,204.92996666666667,1563198854000,309
855,204.92333333333332,1563198855000,106
856,204.925,1563198856000,100
857,204.93281666666667,1563198857000,520
858,204.91662444444447,1563198858000,3521
859,204.87888888888892,1563198859000,711
860,204.87,1563198860000,5
861,204.8777777777778,1563198861000,762
862,204.8892428571428,1563198862000,4501
863,204.91,1563198863000,100
864,204.90750000000003,1563198864000,473
865,204.906675,1563198865000,3221
866,204.9028181818182,1563198866000,2661
867,204.90325,1563198867000,150
868,204.90644999999998,1563198868000,840
869,204.90029411764712,1563198869000,541
870,204.9001777777778,1563198870000,450
871,204.90449999999998,1563198871000,303
872,204.9,1563198872000,100
873,204.90686666666667,1563198873000,900
874,204.92927575757562,1563198874000,3363
875,204.9428285714286,1563198875000,756
876,204.95285714285714,1563198876000,326
877,204.97155,1563198877000,685
878,204.968575,1563198878000,235
879,204.98,1563198879000,200
880,204.96655,1563198880000,102
881,204.96749999999997,1563198881000,428
882,204.9773684210526,1563198882000,1303
883,204.98433333333335,1563198883000,870
884,204.98,1563198884000,1
885,204.9743142857143,1563198885000,710
886,204.97210499999997,1563198886000,3142
887,204.98453888888884,1563198887000,1598
888,204.98866666666666,1563198888000,386
889,204.99300000000002,1563198889000,590
890,204.99818333333334,1563198890000,500
891,204.99394999999998,1563198891000,2939
892,204.99723333333336,1563198892000,200
893,204.99174285714284,1563198893000,1626
894,204.9962,1563198894000,62
895,205.0,1563198895000,55
896,204.98495714285713,1563198896000,2484
897,204.98659090909095,1563198897000,1101
898,204.98770833333333,1563198898000,841
899,204.9895,1563198899000,160
900,204.97755853658524,1563198900000,4065
901,204.92500000000004,1563198901000,1007
902,204.91827142857142,1563198902000,360
903,204.9285714285714,1563198903000,1823
904,204.9156857142857,1563198904000,601
905,204.902475,1563198905000,1854
906,204.88000000000002,1563198906000,720
907,204.88859333333326,1563198907000,1088
908,204.89166666666665,1563198908000,725
909,204.89083333333326,1563198909000,1450
910,204.88835,1563198910000,505
911,204.89499999999998,1563198911000,101
912,204.8999,1563198912000,15
913,204.9,1563198913000,100
914,204.88835454545452,1563198914000,1727
915,204.8892,1563198915000,5
916,204.89,1563198916000,10
917,204.89,1563198917000,12
918,204.89174999999997,1563198918000,258
919,204.89,1563198919000,50
920,204.8912,1563198920000,400
921,204.90157894736848,1563198921000,1420
922,204.93200000000002,1563198922000,216
923,204.95342857142856,1563198923000,604
924,204.96267500000002,1563198924000,604
925,204.967375,1563198925000,124
926,204.96,1563198926000,102
927,204.9434842105263,1563198927000,3155
928,204.91500000000002,1563198928000,932
929,204.92822,1563198929000,501
930,204.94122000000002,1563198930000,1227
931,204.9400142857143,1563198931000,800
932,204.94336666666666,1563198932000,201
933,204.9447,1563198933000,31
934,204.9475,1563198934000,542
935,204.94875000000002,1563198935000,2999
936,204.94874999999996,1563198936000,1500
937,204.94483333333332,1563198937000,60
938,204.96,1563198938000,7
939,204.9466666666667,1563198939000,990
940,204.9613333333333,1563198940000,2078
941,204.95105555555557,1563198941000,1202
942,204.9328913043478,1563198942000,6171
943,204.90166666666673,1563198943000,446
944,204.9,1563198944000,131
945,204.8901,1563198945000,15
946,204.898,1563198946000,345
947,204.886019047619,1563198947000,4262
948,204.8711764705882,1563198948000,1980
949,204.86169230769235,1563198949000,564
950,204.86067142857146,1563198950000,894
951,204.87,1563198951000,100
952,204.86,1563198952000,481
953,204.86247500000002,1563198953000,116
954,204.86,1563198954000,169
955,204.8613,1563198955000,400
956,204.86999999999992,1563198956000,3139
957,204.87813749999992,1563198957000,1449
958,204.87375,1563198958000,179
959,204.86924999999997,1563198959000,286
960,204.88,1563198960000,10
961,204.88627499999998,1563198961000,817
962,204.8901,1563198962000,1
963,204.90737083333326,1563198963000,3263
964,204.92,1563198964000,600
965,204.93,1563198965000,69
966,204.92333333333335,1563198966000,637
967,204.9375,1563198967000,517
968,204.94613333333334,1563198968000,721
969,204.91166666666646,1563198969000,6018
970,204.86400000000006,1563198970000,1098
971,204.85187499999998,1563198971000,273
972,204.8586363636364,1563198972000,1570
973,204.86028000000002,1563198973000,452
974,204.83333333333334,1563198974000,1812
975,204.84372666666664,1563198975000,986
976,204.85431818181817,1563198976000,573
977,204.86,1563198977000,100
978,204.85,1563198978000,29
979,204.84,1563198979000,100
980,204.84329166666666,1563198980000,423
981,204.7996863636364,1563198981000,11304
982,204.78419999999997,1563198982000,1253
983,204.78160000000005,1563198983000,4035
984,204.77375,1563198984000,106
985,204.78224,1563198985000,659
986,204.78,1563198986000,31
987,204.78,1563198987000,163
988,204.7775,1563198988000,505
989,204.7827,1563198989000,800
990,204.7830333333333,1563198990000,840
991,204.79006875,1563198991000,934
992,204.7867,1563198992000,810
993,204.79874999999998,1563198993000,583
994,204.7801,1563198994000,1
995,204.79126666666664,1563198995000,89
996,204.78341428571431,1563198996000,602
997,204.79,1563198997000,150
998,204.7822666666667,1563198998000,1158
999,204.787,1563198999000,500
1000,204.7804761904763,1563199000000,1369
1001,204.77,1563199001000,51
1002,204.78166666666667,1563199002000,398
1003,204.7878,1563199003000,250
1004,204.78524285714283,1563199004000,2416
1005,204.78637999999995,1563199005000,1178
1006,204.78666666666666,1563199006000,273
1007,204.78333333333333,1563199007000,770
1008,204.78762857142857,1563199008000,921
1009,204.78,1563199009000,2
1010,204.78500000000003,1563199010000,288
1011,204.78098888888886,1563199011000,1425
1012,204.78,1563199012000,913
1013,204.77,1563199013000,432
1014,204.75890769230773,1563199014000,719
1015,204.75,1563199015000,500
1016,204.75,1563199016000,320
1017,204.75,1563199017000,200
1018,204.74714285714285,1563199018000,328
1019,204.73559999999998,1563199019000,121
1020,204.71831999999998,1563199020000,1433
1021,204.71875,1563199021000,744
1022,204.71997692307696,1563199022000,4349
1023,204.74,1563199023000,327
1024,204.75933333333333,1563199024000,2018
1025,204.7575625,1563199025000,787
1026,204.77041666666665,1563199026000,1716
1027,204.765,1563199027000,296
1028,204.77,1563199028000,313
1029,204.77075000000002,1563199029000,64
1030,204.77089999999998,1563199030000,71
1031,204.7798,1563199031000,1
1032,204.77931818181824,1563199032000,1587
1033,204.775,1563199033000,5
1034,204.7769,1563199034000,113
1035,204.78047142857153,1563199035000,1280
1036,204.77845000000002,1563199036000,96
1037,204.78462857142858,1563199037000,457
1038,204.75311199999996,1563199038000,6013
1039,204.79723333333334,1563199039000,410
1040,204.739375,1563199040000,424
1041,204.7324,1563199041000,14
1042,204.73714285714286,1563199042000,240
1043,204.73399999999998,1563199043000,129
1044,204.75699166666666,1563199044000,746
1045,204.78,1563199045000,244
1046,204.7689375,1563199046000,1019
1047,204.78,1563199047000,140
1048,204.7899,1563199048000,1
1049,204.77522857142858,1563199049000,170
1050,204.782825,1563199050000,1170
1051,204.7703795454547,1563199051000,3890
1052,204.74333333333334,1563199052000,460
1053,204.7393,1563199053000,3
1054,204.7186,1563199054000,151
1055,204.71358333333333,1563199055000,345
1056,204.71666666666667,1563199056000,462
1057,204.71395,1563199057000,173
1058,204.71642857142857,1563199058000,792
1059,204.71995555555557,1563199059000,432
1060,204.7364176470588,1563199060000,1245
1061,204.72396666666668,1563199061000,7
1062,204.7258,1563199062000,600
1063,204.7152,1563199063000,11
1064,204.72556666666665,1563199064000,335
1065,204.71944285714287,1563199065000,357
1066,204.73303333333322,1563199066000,7534
1067,204.75903076923078,1563199067000,1763
1068,204.78614,1563199068000,1177
1069,204.8044444444444,1563199069000,985
1070,204.8133,1563199070000,1408
1071,204.79989999999998,1563199071000,4104
1072,204.80978750000003,1563199072000,1214
1073,204.81663684210525,1563199073000,488
1074,204.81475,1563199074000,400
1075,204.81965,1563199075000,488
1076,204.85225869565235,1563199076000,5599
1077,204.85686666666666,1563199077000,1001
1078,204.85500000000002,1563199078000,128
1079,204.8621,1563199079000,300
1080,204.87802580645166,1563199080000,2607
1081,204.88531818181812,1563199081000,2115
1082,204.88635,1563199082000,1100
1083,204.88000000000005,1563199083000,241
1084,204.8677625,1563199084000,3286
1085,204.83354,1563199085000,2640
1086,204.828125,1563199086000,160
1087,204.8411653846154,1563199087000,4045
1088,204.817,1563199088000,502
1089,204.82205,1563199089000,303
1090,204.8288333333333,1563199090000,2081
1091,204.8306,1563199091000,94
1092,204.83,1563199092000,40
1093,204.8282,1563199093000,1120
1094,204.83,1563199094000,100
1095,204.8225,1563199095000,400
1096,204.82754285714287,1563199096000,1261
1097,204.82583333333335,1563199097000,436
1098,204.83,1563199098000,57
1099,204.8248,1563199099000,102
1100,204.81022575757575,1563199100000,8208
1101,204.81,1563199101000,35
1102,204.79989999999998,1563199102000,1500
1103,204.80485000000002,1563199103000,485
1104,204.8001,1563199104000,15
1105,204.8071,1563199105000,60
1106,204.80130000000003,1563199106000,61
1107,204.805,1563199107000,101
1108,204.8,1563199108000,20
1109,204.80969333333329,1563199109000,976
1110,204.802,1563199110000,3
1111,204.8034,1563199111000,112
1112,204.8005,1563199112000,30
1113,204.81,1563199113000,100
1114,204.808925,1563199114000,90
1115,204.81,1563199115000,52
1116,204.80812,1563199116000,402
1117,204.81315,1563199117000,319
1118,204.81,1563199118000,70
1119,204.80263333333332,1563199119000,61
1120,204.80461538461546,1563199120000,4328
1121,204.78500000000003,1563199121000,1254
1122,204.79349999999997,1563199122000,402
1123,204.8107,1563199123000,2898
1124,204.80475,1563199124000,162
1125,204.82250000000005,1563199125000,1213
1126,204.84,1563199126000,200
1127,204.84999999999997,1563199127000,100
1128,204.84979090909084,1563199128000,200
1129,204.8433,1563199129000,100
1130,204.85049999999998,1563199130000,1333
1131,204.84000000000003,1563199131000,1500
1132,204.828,1563199132000,200
1133,204.84,1563199133000,110
1134,204.84416666666664,1563199134000,1030
1135,204.8748275862069,1563199135000,1931
1136,204.91695714285714,1563199136000,1155
1137,204.91799999999998,1563199137000,403
1138,204.92004285714287,1563199138000,532
1139,204.91739999999996,1563199139000,1110
1140,204.9170333333333,1563199140000,1100
1141,204.91,1563199141000,10
1142,204.9232142857143,1563199142000,591
1143,204.94388571428564,1563199143000,1275
1144,204.9433333333333,1563199144000,163
1145,204.93235294117648,1563199145000,2453
1146,204.94050000000001,1563199146000,714
1147,204.97116086956518,1563199147000,1821
1148,204.98760000000001,1563199148000,455
1149,204.99963846153847,1563199149000,8810
1150,205.000875,1563199150000,808
1151,204.99221428571428,1563199151000,461
1152,205.01847000000012,1563199152000,4087
1153,205.020125,1563199153000,342
1154,205.02854666666676,1563199154000,1692
1155,205.04,1563199155000,19
1156,205.03915,1563199156000,136
1157,205.04808823529416,1563199157000,4235
1158,205.05995000000001,1563199158000,200
1159,205.060625,1563199159000,320
1160,205.06036,1563199160000,853
1161,205.057525,1563199161000,185
1162,205.0648750000001,1563199162000,4433
1163,205.04780869565224,1563199163000,2750
1164,205.03345909090913,1563199164000,7182
1165,205.025,1563199165000,107
1166,205.01666666666665,1563199166000,115
1167,205.02975000000006,1563199167000,3980
1168,205.0302333333333,1563199168000,136
1169,205.017525,1563199169000,96
1170,205.01585,1563199170000,252
1171,205.04,1563199171000,200
1172,205.04125,1563199172000,750
1173,205.06740000000005,1563199173000,1090
1174,205.08,1563199174000,26
1175,205.07067999999995,1563199175000,1194
1176,205.08,1563199176000,3
1177,205.08497272727274,1563199177000,3126
1178,205.09863928571434,1563199178000,1858
1179,205.07837142857144,1563199179000,880
1180,205.07333333333335,1563199180000,101
1181,205.08027142857142,1563199181000,3097
1182,205.08916666666667,1563199182000,483
1183,205.09875,1563199183000,263
1184,205.09125,1563199184000,500
1185,205.08793749999998,1563199185000,620
1186,205.09199999999996,1563199186000,939
1187,205.095,1563199187000,399
1188,205.10706799999997,1563199188000,8140
1189,205.119,1563199189000,634
1190,205.13520833333337,1563199190000,1175
1191,205.13996666666665,1563199191000,120
1192,205.14739000000003,1563199192000,1657
1193,205.1601222222222,1563199193000,806
1194,205.16752499999998,1563199194000,616
1195,205.16313823529413,1563199195000,7204
1196,205.14943333333335,1563199196000,2260
1197,205.14002499999998,1563199197000,379
1198,205.14236666666667,1563199198000,232
1199,205.15678461538465,1563199199000,905
1200,205.154525,1563199200000,8195
1201,205.14677777777777,1563199201000,526
1202,205.13599600000006,1563199202000,1860
1203,205.15971249999996,1563199203000,1393
1204,205.13191999999998,1563199204000,1273
1205,205.16008333333335,1563199205000,295
1206,205.16166666666666,1563199206000,95
1207,205.18515789473685,1563199207000,1384
1208,205.19327500000003,1563199208000,600
1209,205.18916000000004,1563199209000,1321
1210,205.19100000000003,1563199210000,377
1211,205.195225,1563199211000,655
1212,205.19154799999993,1563199212000,4040
1213,205.1833333333333,1563199213000,2163
1214,205.1617,1563199214000,248
1215,205.17000000000002,1563199215000,984
1216,205.18055000000004,1563199216000,826
1217,205.1804777777778,1563199217000,902
1218,205.18000000000004,1563199218000,891
1219,205.16714285714286,1563199219000,465
1220,205.18221666666668,1563199220000,608
1221,205.18350769230767,1563199221000,903
1222,205.1925,1563199222000,284
1223,205.18151666666668,1563199223000,2329
1224,205.1709,1563199224000,4
1225,205.1786428571429,1563199225000,963
1226,205.19324999999998,1563199226000,270
1227,205.19,1563199227000,100
1228,205.2,1563199228000,600
1229,205.1969333333333,1563199229000,725
1230,205.1978,1563199230000,364
1231,205.2051916666666,1563199231000,2860
1232,205.2407442307691,1563199232000,4600
1233,205.25616190476188,1563199233000,2166
1234,205.27333333333334,1563199234000,501
1235,205.26745,1563199235000,210
1236,205.2601,1563199236000,100
1237,205.26693333333333,1563199237000,48
1238,205.263,1563199238000,12
1239,205.26201666666668,1563199239000,408
1240,205.26432857142854,1563199240000,702
1241,205.264,1563199241000,1000
1242,205.27269500000003,1563199242000,1666
1243,205.2893333333333,1563199243000,170
1244,205.3041634615384,1563199244000,9571
1245,205.31135,1563199245000,417
1246,205.3059210526316,1563199246000,1922
1247,205.33073333333334,1563199247000,1931
1248,205.3473125,1563199248000,744
1249,205.346975,1563199249000,1315
1250,205.35285714285715,1563199250000,1481
1251,205.35344,1563199251000,2975
1252,205.35956153846158,1563199252000,1964
1253,205.31871842105275,1563199253000,6193
1254,205.31735294117647,1563199254000,1833
1255,205.31980625,1563199255000,1814
1256,205.3189028571428,1563199256000,3304
1257,205.30154285714292,1563199257000,2017
1258,205.27442692307704,1563199258000,1978
1259,205.255625,1563199259000,906
1260,205.23168750000002,1563199260000,2355
1261,205.22286799999998,1563199261000,3780
1262,205.24428571428572,1563199262000,119
1263,205.2552550000001,1563199263000,998
1264,205.32696720430124,1563199264000,24625
1265,205.33849999999998,1563199265000,1045
1266,205.33959999999996,1563199266000,757
1267,205.33187499999997,1563199267000,1330
1268,205.33063333333337,1563199268000,1141
1269,205.32493999999997,1563199269000,1329
1270,205.34097499999996,1563199270000,2233
1271,205.36000000000007,1563199271000,1022
1272,205.36,1563199272000,20
1273,205.34779999999998,1563199273000,480
1274,205.34358888888886,1563199274000,1188
1275,205.33735999999996,1563199275000,2139
1276,205.31635714285713,1563199276000,410
1277,205.29636363636362,1563199277000,400
1278,205.2841,1563199278000,753
1279,205.29185714285717,1563199279000,617
1280,205.28782727272727,1563199280000,1040
1281,205.2885,1563199281000,200
1282,205.2975125,1563199282000,498
1283,205.298,1563199283000,1642
1284,205.30995000000001,1563199284000,145
1285,205.30294705882355,1563199285000,1614
1286,205.29775789473683,1563199286000,2064
1287,205.28125,1563199287000,500
1288,205.27782499999998,1563199288000,560
1289,205.274,1563199289000,700
1290,205.26943333333338,1563199290000,845
1291,205.255,1563199291000,57
1292,205.25333333333333,1563199292000,136
1293,205.24187826086956,1563199293000,1793
1294,205.23984565217378,1563199294000,3143
1295,205.26847639751557,1563199295000,13917
1296,205.259875,1563199296000,214
1297,205.2832500000001,1563199297000,1519
1298,205.29719999999998,1563199298000,338
1299,205.29,1563199299000,13
1300,205.287525,1563199300000,356
1301,205.2805,1563199301000,1
1302,205.29000000000002,1563199302000,118
1303,205.31285714285713,1563199303000,1016
1304,205.33618571428576,1563199304000,1108
1305,205.34801875,1563199305000,1742
1306,205.3668,1563199306000,111
1307,205.36,1563199307000,21
1308,205.36599999999999,1563199308000,229
1309,205.37,1563199309000,200
1310,205.36025,1563199310000,534
1311,205.3592173913044,1563199311000,2083
1312,205.3479,1563199312000,70
1313,205.34,1563199313000,70
1314,205.34666666666666,1563199314000,230
1315,205.347625,1563199315000,194
1316,205.34005000000002,1563199316000,11
1317,205.3592,1563199317000,1000
1318,205.34999999999997,1563199318000,208
1319,205.34,1563199319000,1
1320,205.35768571428574,1563199320000,547
1321,205.35692500000005,1563199321000,424
1322,205.37952000000013,1563199322000,5506
1323,205.37624999999997,1563199323000,621
1324,205.37556666666669,1563199324000,202
1325,205.37012941176465,1563199325000,1820
1326,205.37055,1563199326000,209
1327,205.37093749999997,1563199327000,885
1328,205.37166666666664,1563199328000,704
1329,205.35674999999998,1563199329000,116
1330,205.37,1563199330000,8
1331,205.34948749999998,1563199331000,1977
1332,205.3425,1563199332000,101
1333,205.345,1563199333000,200
1334,205.35215833333334,1563199334000,504
1335,205.35,1563199335000,14
1336,205.35,1563199336000,5
1337,205.38672222222215,1563199337000,22165
1338,205.365,1563199338000,300
1339,205.35986666666662,1563199339000,658
1340,205.348,1563199340000,20
1341,205.3475,1563199341000,70
1342,205.3535,1563199342000,37
1343,205.35500000000002,1563199343000,47
1344,205.35255,1563199344000,211
1345,205.3525,1563199345000,200
1346,205.3600000000001,1563199346000,977
1347,205.3516,1563199347000,20
1348,205.3532,1563199348000,500
1349,205.36755,1563199349000,297
1350,205.36976666666664,1563199350000,866
1351,205.3811470588236,1563199351000,2941
1352,205.38021428571423,1563199352000,525
1353,205.38427058823527,1563199353000,1659
1354,205.38998749999996,1563199354000,316
1355,205.38827142857141,1563199355000,702
1356,205.39874999999998,1563199356000,1100
1357,205.4,1563199357000,100
1358,205.39049999999992,1563199358000,1364
1359,205.38126190476197,1563199359000,2380
1360,205.38606,1563199360000,205
1361,205.3799960000001,1563199361000,2210
1362,205.385,1563199362000,200
1363,205.38181818181818,1563199363000,965
1364,205.38999999999996,1563199364000,237
1365,205.38209302325583,1563199365000,3397
1366,205.36987209302322,1563199366000,2517
1367,205.36333333333332,1563199367000,126
1368,205.34290000000001,1563199368000,290
1369,205.33470588235292,1563199369000,1273
1370,205.30839999999998,1563199370000,4912
1371,205.3183333333333,1563199371000,399
1372,205.31166666666664,1563199372000,1280
1373,205.30000000000004,1563199373000,108
1374,205.3125,1563199374000,36
1375,205.311,1563199375000,10
1376,205.30058181818183,1563199376000,457
1377,205.29,1563199377000,3
1378,205.29239999999996,1563199378000,327
1379,205.293,1563199379000,75
1380,205.30960833333344,1563199380000,4310
1381,205.2729080000001,1563199381000,14799
1382,205.2375,1563199382000,258
1383,205.0,1563199383000,700
1384,205.2715833333334,1563199384000,2975
1385,205.30171304347832,1563199385000,1405
1386,205.2841925925927,1563199386000,3667
1387,205.25428571428571,1563199387000,800
1388,205.24,1563199388000,78
1389,205.25216,1563199389000,243
1390,205.2535,1563199390000,100
1391,205.25,1563199391000,40
1392,205.24,1563199392000,200
1393,205.2425,1563199393000,228
1394,205.24910909090912,1563199394000,1990
1395,205.25900000000001,1563199395000,375
1396,205.28252857142857,1563199396000,616
1397,205.2799,1563199397000,24
1398,205.2716,1563199398000,505
1399,205.2791,1563199399000,95
1400,205.2875,1563199400000,245
1401,205.2935,1563199401000,10
1402,205.31097222222215,1563199402000,2806
1403,205.3181818181818,1563199403000,1109
1404,205.33245,1563199404000,92
1405,205.325,1563199405000,104
1406,205.33749999999998,1563199406000,464
1407,205.341525,1563199407000,274
1408,205.3415,1563199408000,11
1409,205.33,1563199409000,3
1410,205.32833846153835,1563199410000,2615
1411,205.31857142857143,1563199411000,872
1412,205.3166,1563199412000,11
1413,205.32,1563199413000,200
1414,205.31223999999997,1563199414000,146
1415,205.31,1563199415000,499
1416,205.2995,1563199416000,38
1417,205.29,1563199417000,64
1418,205.2742666666667,1563199418000,1101
1419,205.23777391304327,1563199419000,4971
1420,205.2251666666667,1563199420000,667
1421,205.24,1563199421000,22
1422,205.23809523809516,1563199422000,588
1423,205.23193333333333,1563199423000,250
1424,205.24863333333334,1563199424000,3599
1425,205.24333333333334,1563199425000,687
1426,205.24,1563199426000,123
1427,205.24166666666667,1563199427000,600
1428,205.24995,1563199428000,9
1429,205.25036875,1563199429000,1447
1430,205.2854,1563199430000,2000
1431,205.27655,1563199431000,103
1432,205.275,1563199432000,100
1433,205.26746666666668,1563199433000,507
1434,205.27864285714284,1563199434000,539
1435,205.27333333333334,1563199435000,201
1436,205.27356666666665,1563199436000,225
1437,205.2681176470589,1563199437000,2146
1438,205.27,1563199438000,100
1439,205.27,1563199439000,188
1440,205.28125,1563199440000,141
1441,205.28714285714287,1563199441000,558
1442,205.2984040000001,1563199442000,4664
1443,205.28125,1563199443000,657
1444,205.3025,1563199444000,438
1445,205.29181818181817,1563199445000,1177
1446,205.27,1563199446000,55
1447,205.28119999999998,1563199447000,413
1448,205.275,1563199448000,30
1449,205.27125,1563199449000,871
1450,205.265025,1563199450000,305
1451,205.26600000000002,1563199451000,141
1452,205.27,1563199452000,100
1453,205.28,1563199453000,89
1454,205.28,1563199454000,100
1455,205.28145,1563199455000,192
1456,205.28166666666667,1563199456000,691
1457,205.29,1563199457000,36
1458,205.2875,1563199458000,320
1459,205.28,1563199459000,100
1460,205.28166666666667,1563199460000,550
1461,205.29,1563199461000,100
1462,205.29803571428576,1563199462000,1434
1463,205.29666666666665,1563199463000,408
1464,205.3,1563199464000,22
1465,205.3048,1563199465000,7
1466,205.3025,1563199466000,208
1467,205.30166666666665,1563199467000,451
1468,205.30142857142854,1563199468000,402
1469,205.29178620689655,1563199469000,2629
1470,205.27796666666666,1563199470000,34
1471,205.28324999999998,1563199471000,454
1472,205.26869500000004,1563199472000,1691
1473,205.24333333333334,1563199473000,319
1474,205.23835,1563199474000,5356
1475,205.25,1563199475000,100
1476,205.25100000000003,1563199476000,475
1477,205.26357142857142,1563199477000,1383
1478,205.2561,1563199478000,5
1479,205.2488888888889,1563199479000,601
1480,205.23125,1563199480000,336
1481,205.22026666666667,1563199481000,21
1482,205.23005833333332,1563199482000,3198
1483,205.23998571428572,1563199483000,555
1484,205.2590909090909,1563199484000,530
1485,205.25834999999998,1563199485000,501
1486,205.2461538461538,1563199486000,1218
1487,205.24125,1563199487000,303
1488,205.23502692307682,1563199488000,3238
1489,205.22004,1563199489000,302
1490,205.20260769230765,1563199490000,1143
1491,205.19089999999997,1563199491000,400
1492,205.14363404255326,1563199492000,5787
1493,205.13306250000002,1563199493000,3149
1494,205.1357,1563199494000,2
1495,205.13803333333345,1563199495000,4766
1496,205.1201,1563199496000,1000
1497,205.10008695652178,1563199497000,2657
1498,205.07462857142855,1563199498000,239
1499,205.04344666666685,1563199499000,4919
1500,205.03217777777778,1563199500000,2193
1501,205.06486666666672,1563199501000,12869
1502,205.1061375,1563199502000,974
1503,205.1208181818182,1563199503000,3534
1504,205.14383846153848,1563199504000,1061
1505,205.1391448275862,1563199505000,1954
1506,205.14001428571422,1563199506000,2588
1507,205.14646,1563199507000,468
1508,205.17594893617039,1563199508000,11572
1509,205.1691375,1563199509000,906
1510,205.161724137931,1563199510000,2648
1511,205.16,1563199511000,100
1512,205.17000000000004,1563199512000,2508
1513,205.18319333333332,1563199513000,606
1514,205.17,1563199514000,100
1515,205.17,1563199515000,748
1516,205.14636363636362,1563199516000,1539
1517,205.14115384615383,1563199517000,828
1518,205.13164482758614,1563199518000,2328
1519,205.13015454545456,1563199519000,402
1520,205.1427666666667,1563199520000,535
1521,205.1572,1563199521000,3300
1522,205.1593625,1563199522000,420
1523,205.15,1563199523000,265
1524,205.1564375,1563199524000,704
1525,205.14823333333334,1563199525000,205
1526,205.14687500000002,1563199526000,665
1527,205.14,1563199527000,136
1528,205.1491,1563199528000,10
1529,205.141378,1563199529000,5152
1530,205.11860000000001,1563199530000,3460
1531,205.1041352941176,1563199531000,1761
1532,205.10541666666668,1563199532000,793
1533,205.1285333333333,1563199533000,1387
1534,205.11285714285714,1563199534000,1000
1535,205.1195,1563199535000,1000
1536,205.11742222222222,1563199536000,396
1537,205.10499166666673,1563199537000,1982
1538,205.08143571428567,1563199538000,964
1539,205.07704999999999,1563199539000,350
1540,205.09,1563199540000,200
1541,205.090675,1563199541000,524
1542,205.08785,1563199542000,242
1543,205.09963571428565,1563199543000,3565
1544,205.09365999999994,1563199544000,979
1545,205.1,1563199545000,377
1546,205.1147875,1563199546000,864
1547,205.125,1563199547000,32
1548,205.14285714285714,1563199548000,480
1549,205.1457,1563199549000,25
1550,205.13071428571433,1563199550000,1300
1551,205.13666666666666,1563199551000,101
1552,205.12,1563199552000,14
1553,205.11612941176466,1563199553000,943
1554,205.11260869565226,1563199554000,1244
1555,205.13,1563199555000,100
1556,205.13,1563199556000,100
1557,205.12,1563199557000,30
1558,205.119,1563199558000,970
1559,205.11,1563199559000,200
1560,205.116425,1563199560000,572
1561,205.1108777777778,1563199561000,644
1562,205.11188,1563199562000,150
1563,205.1,1563199563000,200
1564,205.1029,1563199564000,2907
1565,205.12,1563199565000,5
1566,205.1272,1563199566000,601
1567,205.1064,1563199567000,400
1568,205.1,1563199568000,500
1569,205.10569999999998,1563199569000,330
1570,205.1,1563199570000,25
1571,205.09576923076926,1563199571000,1725
1572,205.08,1563199572000,100
1573,205.09,1563199573000,500
1574,205.07499999999996,1563199574000,303
1575,205.04609999999997,1563199575000,933
1576,205.0501454545455,1563199576000,935
1577,205.0308027777778,1563199577000,6406
1578,205.019625,1563199578000,5396
1579,205.0205,1563199579000,920
1580,205.01392307692316,1563199580000,2190
1581,205.00999333333337,1563199581000,2382
1582,205.01285714285714,1563199582000,493
1583,205.02666666666667,1563199583000,98
1584,205.0118,1563199584000,1251
1585,205.01534999999998,1563199585000,4447
1586,205.00436046511632,1563199586000,3347
1587,204.9967333333333,1563199587000,355
1588,205.0,1563199588000,60
1589,204.99020416666664,1563199589000,2373
1590,205.01251249999999,1563199590000,695
1591,205.00745,1563199591000,28
1592,205.05386666666666,1563199592000,285
1593,205.01265714285714,1563199593000,1107
1594,205.01,1563199594000,155
1595,205.00566666666668,1563199595000,600
1596,205.0008,1563199596000,202
1597,204.98585000000003,1563199597000,502
1598,205.0,1563199598000,4
1599,204.988,1563199599000,40
1600,204.97999999999996,1563199600000,600
1601,204.97724347826087,1563199601000,2730
1602,204.97453124999987,1563199602000,1855
1603,204.96875,1563199603000,231
1604,204.97,1563199604000,100
1605,204.96,1563199605000,18
1606,204.9572488372093,1563199606000,3810
1607,204.95306153846153,1563199607000,500
1608,204.95307142857146,1563199608000,6747
1609,204.95499999999998,1563199609000,110
1610,204.9476136363636,1563199610000,2492
1611,204.95555714285715,1563199611000,289
1612,204.93705000000006,1563199612000,3886
1613,204.9186,1563199613000,687
1614,204.92285,1563199614000,573
1615,204.91,1563199615000,9
1616,204.91336,1563199616000,596
1617,204.90818181818184,1563199617000,554
1618,204.9098,1563199618000,200
1619,204.9,1563199619000,27
1620,204.92,1563199620000,4
1621,204.91833333333335,1563199621000,2985
1622,204.92,1563199622000,110
1623,204.914875,1563199623000,434
1624,204.91802142857142,1563199624000,3204
1625,204.91015199999995,1563199625000,1446
1626,204.9142,1563199626000,26
1627,204.92,1563199627000,100
1628,204.92000000000004,1563199628000,768
1629,204.92,1563199629000,5
1630,204.92563333333337,1563199630000,202
1631,204.95505,1563199631000,107
1632,204.9217,1563199632000,813
1633,204.925,1563199633000,100
1634,204.92380000000003,1563199634000,70
1635,204.9282272727273,1563199635000,654
1636,204.91708846153844,1563199636000,4558
1637,204.9067,1563199637000,100
1638,204.91,1563199638000,300
1639,204.91379999999998,1563199639000,6
1640,204.91773599999996,1563199640000,2023
1641,204.94743999999997,1563199641000,6499
1642,204.96674444444446,1563199642000,535
1643,204.96357142857144,1563199643000,3257
1644,204.96,1563199644000,20
1645,204.9533,1563199645000,10
1646,204.9501,1563199646000,1
1647,204.95,1563199647000,2
1648,204.95625,1563199648000,500
1649,204.93888888888893,1563199649000,2770
1650,204.93219090909096,1563199650000,3657
1651,204.94372499999997,1563199651000,58
1652,204.945,1563199652000,67
1653,204.92668888888892,1563199653000,238
1654,204.914,1563199654000,300
1655,204.92163750000003,1563199655000,316
1656,204.91666666666666,1563199656000,200
1657,204.91397999999998,1563199657000,201
1658,204.8933270270271,1563199658000,2607
1659,204.87,1563199659000,70
1660,204.86358571428576,1563199660000,1310
1661,204.86761874999993,1563199661000,939
1662,204.88486176470596,1563199662000,2639
1663,204.899380952381,1563199663000,3994
1664,204.89865217391312,1563199664000,1793
1665,204.89249999999998,1563199665000,150
1666,204.89397999999997,1563199666000,1586
1667,204.88529999999992,1563199667000,2100
1668,204.8666666666667,1563199668000,534
1669,204.89117021276584,1563199669000,5562
1670,204.88833333333332,1563199670000,325
1671,204.89499999999995,1563199671000,1163
1672,204.8955555555556,1563199672000,770
1673,204.89425,1563199673000,200
1674,204.89294,1563199674000,2100
1675,204.8864842105263,1563199675000,1267
1676,204.8853333333333,1563199676000,62
1677,204.88251428571428,1563199677000,587
1678,204.8983333333333,1563199678000,497
1679,204.89346666666665,1563199679000,216
1680,204.89858333333333,1563199680000,455
1681,204.89698666666666,1563199681000,10055
1682,204.9,1563199682000,2
1683,204.89419999999998,1563199683000,62
1684,204.89948529411754,1563199684000,3448
1685,204.89831904761914,1563199685000,892
1686,204.89959375000007,1563199686000,840
1687,204.8927,1563199687000,10
1688,204.895,1563199688000,100
1689,204.89952830188665,1563199689000,2458
1690,204.92695833333335,1563199690000,4632
1691,204.94153499999993,1563199691000,2145
1692,204.95731,1563199692000,440
1693,204.9654,1563199693000,1000
1694,204.96523333333334,1563199694000,213
1695,204.9498279999999,1563199695000,2368
1696,204.91666666666666,1563199696000,856
1697,204.9,1563199697000,100
1698,204.9,1563199698000,201
1699,204.9,1563199699000,100
1700,204.8986,1563199700000,25
1701,204.9,1563199701000,10
1702,204.90530000000004,1563199702000,640
1703,204.935,1563199703000,122
1704,204.92887499999998,1563199704000,325
1705,204.9204,1563199705000,3
1706,204.92846666666665,1563199706000,420
1707,204.935,1563199707000,200
1708,204.9202,1563199708000,2
1709,204.93,1563199709000,106
1710,204.92999999999998,1563199710000,600
1711,204.9211428571429,1563199711000,3003
1712,204.9199,1563199712000,70
1713,204.92340000000002,1563199713000,76
1714,204.92666,1563199714000,297
1715,204.91799999999998,1563199715000,300
1716,204.91583333333335,1563199716000,941
1717,204.91665,1563199717000,145
1718,204.9175,1563199718000,210
1719,204.91032499999992,1563199719000,1619
1720,204.90895833333332,1563199720000,1831
1721,204.91864545454547,1563199721000,1730
1722,204.96677560975607,1563199722000,2395
1723,204.98245,1563199723000,214
1724,204.9877210526315,1563199724000,2957
1725,205.0,1563199725000,200
1726,204.9919166666667,1563199726000,3808
1727,204.99697999999998,1563199727000,401
1728,204.995,1563199728000,15
1729,205.00145000000003,1563199729000,2502
1730,205.02,1563199730000,24
1731,205.03,1563199731000,225
1732,204.98985000000002,1563199732000,2878
1733,205.04291428571426,1563199733000,4587
1734,205.04303999999996,1563199734000,600
1735,205.04144799999997,1563199735000,1945
1736,205.04385000000002,1563199736000,700
1737,205.05103448275875,1563199737000,7920
1738,205.05485,1563199738000,2345
1739,205.06639090909087,1563199739000,631
1740,205.07833333333335,1563199740000,250
1741,205.07025454545453,1563199741000,696
1742,205.09308125000007,1563199742000,2676
1743,205.1078909090909,1563199743000,2447
1744,205.11665000000002,1563199744000,349
1745,205.13088235294126,1563199745000,2900
1746,205.13798749999995,1563199746000,1193
1747,205.13000000000008,1563199747000,855
1748,205.1372958333333,1563199748000,3122
1749,205.14721666666665,1563199749000,417
1750,205.15499565217385,1563199750000,1868
1751,205.15666666666667,1563199751000,230
1752,205.15146,1563199752000,1186
1753,205.16071428571428,1563199753000,1277
1754,205.165,1563199754000,100
1755,205.17,1563199755000,372
1756,205.17297142857143,1563199756000,496
1757,205.171,1563199757000,599
1758,205.17000000000002,1563199758000,613
1759,205.17880000000002,1563199759000,772
1760,205.17165,1563199760000,40
1761,205.1719289473685,1563199761000,4169
1762,205.18085,1563199762000,4300
1763,205.18,1563199763000,55
1764,205.186,1563199764000,837
1765,205.1691176470588,1563199765000,3025
1766,205.16995,1563199766000,401
1767,205.18,1563199767000,1
1768,205.1601,1563199768000,5
1769,205.18,1563199769000,1
1770,205.15964285714276,1563199770000,3488
1771,205.12651739130442,1563199771000,1323
1772,205.09939999999997,1563199772000,5380
1773,205.09383333333335,1563199773000,70
1774,205.1078181818183,1563199774000,4146
1775,205.09133333333335,1563199775000,4883
1776,205.10141249999998,1563199776000,484
1777,205.095,1563199777000,10
1778,205.1,1563199778000,5
1779,205.101,1563199779000,5
1780,205.10811250000003,1563199780000,975
1781,205.11791818181817,1563199781000,1592
1782,205.12,1563199782000,329
1783,205.12,1563199783000,200
1784,205.13,1563199784000,100
1785,205.12,1563199785000,36
1786,205.1164,1563199786000,81
1787,205.1167,1563199787000,57
1788,205.117,1563199788000,15
1789,205.1166,1563199789000,30
1790,205.11043478260873,1563199790000,1566
1791,205.115,1563199791000,118
1792,205.11700000000002,1563199792000,118
1793,205.1101,1563199793000,15
1794,205.11346000000003,1563199794000,318
1795,205.11051250000008,1563199795000,1129
1796,205.08781249999998,1563199796000,944
1797,205.06188749999995,1563199797000,516
1798,205.06,1563199798000,1
1799,205.0704,1563199799000,3597
1800,205.05959,1563199800000,428
1801,205.04748333333336,1563199801000,334
1802,205.0484615384616,1563199802000,789
1803,205.05600000000004,1563199803000,568
1804,205.0561,1563199804000,1820
1805,205.07,1563199805000,100
1806,205.07501249999999,1563199806000,706
1807,205.08645,1563199807000,255
1808,205.1,1563199808000,2
1809,205.0935,1563199809000,75
1810,205.08,1563199810000,1
1811,205.08,1563199811000,41
1812,205.09,1563199812000,46
1813,205.10333333333335,1563199813000,1358
1814,205.1,1563199814000,357
1815,205.09999999999994,1563199815000,1158
1816,205.0825,1563199816000,150
1817,205.08027499999994,1563199817000,875
1818,205.085,1563199818000,10
1819,205.08,1563199819000,100
1820,205.07991499999994,1563199820000,1303
1821,205.07,1563199821000,100
1822,205.0719,1563199822000,76
1823,205.07918148148144,1563199823000,1683
1824,205.0583333333333,1563199824000,506
1825,205.05041666666668,1563199825000,799
1826,205.06,1563199826000,100
1827,205.06302,1563199827000,1175
1828,205.0248571428573,1563199828000,5200
1829,205.0029923076923,1563199829000,1609
1830,204.99944444444444,1563199830000,461
1831,204.99087894736837,1563199831000,1962
1832,204.97351666666668,1563199832000,379
1833,204.9685588235294,1563199833000,879
1834,204.96005000000002,1563199834000,2
1835,204.96505000000002,1563199835000,13
1836,204.96900000000002,1563199836000,523
1837,204.97,1563199837000,13
1838,204.97,1563199838000,4
1839,204.96370000000002,1563199839000,382
1840,204.98188888888885,1563199840000,788
1841,204.98720000000003,1563199841000,279
1842,204.99939333333333,1563199842000,787
1843,204.985,1563199843000,75
1844,204.98999999999995,1563199844000,1144
1845,204.9916,1563199845000,339
1846,204.98,1563199846000,1000
1847,204.987,1563199847000,282
1848,204.99,1563199848000,7
1849,204.994,1563199849000,1
1850,204.9889,1563199850000,200
1851,204.99761904761903,1563199851000,1651
1852,205.0141857142857,1563199852000,348
1853,205.0237,1563199853000,110
1854,205.0199,1563199854000,29
1855,205.02,1563199855000,2
1856,205.02,1563199856000,3
1857,205.026,1563199857000,10
1858,205.029,1563199858000,2
1859,205.03,1563199859000,942
1860,205.05,1563199860000,1
1861,205.04873333333333,1563199861000,192
1862,205.06062499999996,1563199862000,448
1863,205.06355000000002,1563199863000,204
1864,205.07441249999997,1563199864000,803
1865,205.0781,1563199865000,2897
1866,205.06,1563199866000,1787
1867,205.06026666666665,1563199867000,1326
1868,205.08077272727272,1563199868000,2694
1869,205.0901,1563199869000,525
1870,205.09,1563199870000,227
1871,205.0899,1563199871000,500
1872,205.08024999999998,1563199872000,116
1873,205.08495,1563199873000,101
1874,205.09149999999997,1563199874000,2378
1875,205.11568571428572,1563199875000,1004
1876,205.1208,1563199876000,7
1877,205.1308,1563199877000,150
1878,205.12,1563199878000,7
1879,205.12400000000002,1563199879000,275
1880,205.12625,1563199880000,250
1881,205.12,1563199881000,8
1882,205.11999999999992,1563199882000,1737
1883,205.11749285714288,1563199883000,1616
1884,205.10637272727274,1563199884000,688
1885,205.09001666666666,1563199885000,210
1886,205.08,1563199886000,100
1887,205.08422307692308,1563199887000,959
1888,205.082,1563199888000,100
1889,205.0731818181818,1563199889000,454
1890,205.04333333333332,1563199890000,605
1891,205.02829999999997,1563199891000,508
1892,205.01223333333334,1563199892000,197
1893,205.0117,1563199893000,20
1894,205.01459999999997,1563199894000,603
1895,205.01,1563199895000,100
1896,205.014075,1563199896000,3073
1897,205.02,1563199897000,110
1898,205.0166,1563199898000,51
1899,205.02,1563199899000,30
1900,205.01976190476194,1563199900000,1071
1901,205.02068333333338,1563199901000,801
1902,205.04296857142867,1563199902000,3173
1903,205.0574432432433,1563199903000,2844
1904,205.046625,1563199904000,37
1905,205.06,1563199905000,15
1906,205.0518181818182,1563199906000,1424
1907,205.04077692307692,1563199907000,1116
1908,205.02937500000002,1563199908000,396
1909,205.0348,1563199909000,341
1910,205.032875,1563199910000,396
1911,205.03250000000003,1563199911000,269
1912,205.03,1563199912000,110
1913,205.03,1563199913000,20
1914,205.035,1563199914000,45
1915,205.03402499999999,1563199915000,200
1916,205.03,1563199916000,400
1917,205.0317,1563199917000,120
1918,205.035,1563199918000,25
1919,205.03,1563199919000,10
1920,205.03,1563199920000,5
1921,205.03,1563199921000,342
1922,205.03323333333333,1563199922000,209
1923,205.0202,1563199923000,1
1924,205.02553333333333,1563199924000,172
1925,205.03226,1563199925000,4137
1926,205.03797777777777,1563199926000,456
1927,205.035,1563199927000,200
1928,205.0362,1563199928000,25
1929,205.0342,1563199929000,100
1930,205.0399,1563199930000,1
1931,205.032,1563199931000,22
1932,205.04190476190476,1563199932000,1918
1933,205.06498571428574,1563199933000,790
1934,205.07,1563199934000,57
1935,205.07000000000005,1563199935000,1839
1936,205.04860588235292,1563199936000,3237
1937,205.0525,1563199937000,50
1938,205.05,1563199938000,25
1939,205.03640588235294,1563199939000,1137
1940,205.03853333333336,1563199940000,323
1941,205.0301,1563199941000,5
1942,205.03,1563199942000,10
1943,205.04,1563199943000,25
1944,205.03,1563199944000,1
1945,205.03000000000003,1563199945000,312
1946,205.02949687500004,1563199946000,4054
1947,205.02453333333335,1563199947000,140
1948,205.02233333333334,1563199948000,76
1949,205.0273,1563199949000,505
1950,205.02125,1563199950000,235
1951,205.0338833333333,1563199951000,817
1952,205.03336666666667,1563199952000,916
1953,205.0342,1563199953000,200
1954,205.03395,1563199954000,100
1955,205.04005,1563199955000,104
1956,205.04,1563199956000,100
1957,205.040425,1563199957000,301
1958,205.0411333333333,1563199958000,1021
1959,205.0319,1563199959000,30
1960,205.0429,1563199960000,100
1961,205.03,1563199961000,20
1962,205.03683333333333,1563199962000,26
1963,205.04833333333332,1563199963000,366
1964,205.06673076923076,1563199964000,1206
1965,205.07453333333333,1563199965000,625
1966,205.0826,1563199966000,800
1967,205.08850000000007,1563199967000,943
1968,205.1016666666667,1563199968000,1343
1969,205.1,1563199969000,200
1970,205.0956,1563199970000,235
1971,205.09202,1563199971000,394
1972,205.1,1563199972000,100
1973,205.08042857142863,1563199973000,2986
1974,205.065,1563199974000,412
1975,205.065,1563199975000,55
1976,205.09914999999995,1563199976000,1669
1977,205.11,1563199977000,700
1978,205.08884615384613,1563199978000,1700
1979,205.0798111111111,1563199979000,926
1980,205.07,1563199980000,100
1981,205.0798896551724,1563199981000,1538
1982,205.0944625,1563199982000,1415
1983,205.08797857142858,1563199983000,2400
1984,205.07,1563199984000,300
1985,205.0622875,1563199985000,1565
1986,205.0221428571429,1563199986000,2625
1987,205.00666666666666,1563199987000,533
1988,205.00125,1563199988000,200
1989,205.0145868421053,1563199989000,4380
1990,205.02,1563199990000,104
1991,205.05,1563199991000,100
1992,205.05,1563199992000,65
1993,205.04500000000002,1563199993000,135
1994,205.06000000000006,1563199994000,2000
1995,205.05645,1563199995000,372
1996,205.05,1563199996000,489
1997,205.05,1563199997000,100
1998,205.04,1563199998000,100
1999,205.0423,1563199999000,400
2000,205.04033636363636,1563200000000,2400
2001,205.03928571428568,1563200001000,540
2002,205.0379,1563200002000,125
2003,205.046,1563200003000,155
2004,205.045,1563200004000,200
2005,205.04703333333336,1563200005000,23
2006,205.05001666666666,1563200006000,489
2007,205.07454545454542,1563200007000,579
2008,205.07643999999996,1563200008000,619
2009,205.08,1563200009000,100
2010,205.09,1563200010000,100
2011,205.08,1563200011000,200
2012,205.08175714285716,1563200012000,602
2013,205.08666666666667,1563200013000,499
2014,205.08,1563200014000,5
2015,205.0998,1563200015000,3
2016,205.08,1563200016000,100
2017,205.07926764705877,1563200017000,2875
2018,205.0769,1563200018000,50
2019,205.07146874999992,1563200019000,2649
2020,205.0375,1563200020000,493
2021,205.04,1563200021000,25
2022,205.0454,1563200022000,370
2023,205.0437,1563200023000,73
2024,205.0523,1563200024000,102
2025,205.0302,1563200025000,16
2026,205.05730000000003,1563200026000,363
2027,205.05700000000002,1563200027000,725
2028,205.05005,1563200028000,18
2029,205.06495,1563200029000,1100
2030,205.07,1563200030000,100
2031,205.06999999999996,1563200031000,604
2032,205.0666666666667,1563200032000,131
2033,205.07800000000003,1563200033000,257
2034,205.08719999999997,1563200034000,365
2035,205.0862,1563200035000,160
2036,205.0851,1563200036000,75
2037,205.0801,1563200037000,75
2038,205.0854909090909,1563200038000,957
2039,205.1025,1563200039000,675
2040,205.10924999999997,1563200040000,600
2041,205.1199,1563200041000,25
2042,205.11585714285715,1563200042000,754
2043,205.1126166666667,1563200043000,2495
2044,205.115,1563200044000,218
2045,205.1175166666667,1563200045000,865
2046,205.11999999999995,1563200046000,423
2047,205.12178124999994,1563200047000,1211
2048,205.1321888888889,1563200048000,488
2049,205.14,1563200049000,29
2050,205.1398,1563200050000,118
2051,205.14600000000002,1563200051000,219
2052,205.14499999999998,1563200052000,100
2053,205.15459499999997,1563200053000,2218
2054,205.16000000000003,1563200054000,681
2055,205.1772625000001,1563200055000,2954
2056,205.17792500000002,1563200056000,370
2057,205.17916,1563200057000,683
2058,205.18594545454545,1563200058000,814
2059,205.18884615384619,1563200059000,596
2060,205.1852461538461,1563200060000,1544
2061,205.1884,1563200061000,2
2062,205.18380000000002,1563200062000,56
2063,205.186875,1563200063000,2109
2064,205.18000000000015,1563200064000,4050
2065,205.1893578947369,1563200065000,325
2066,205.18100140845078,1563200066000,4692
2067,205.16672222222223,1563200067000,2311
2068,205.14188,1563200068000,243
2069,205.145,1563200069000,373
2070,205.1436,1563200070000,745
2071,205.14712500000002,1563200071000,1236
2072,205.13461333333328,1563200072000,5157
2073,205.106,1563200073000,342
2074,205.11440000000002,1563200074000,83
2075,205.12,1563200075000,513
2076,205.12109999999998,1563200076000,1019
2077,205.1175,1563200077000,101
2078,205.12582500000002,1563200078000,1167
2079,205.12,1563200079000,100
2080,205.11667857142857,1563200080000,680
2081,205.115,1563200081000,300
2082,205.11753749999988,1563200082000,1295
2083,205.11931372549026,1563200083000,1354
2084,205.13000000000008,1563200084000,254
2085,205.13182121212137,1563200085000,1853
2086,205.1378571428571,1563200086000,446
2087,205.14,1563200087000,32
2088,205.14124999999999,1563200088000,1027
2089,205.14020833333333,1563200089000,1860
2090,205.13833333333332,1563200090000,110
2091,205.135,1563200091000,10
2092,205.12913170731719,1563200092000,2382
2093,205.12156249999998,1563200093000,1230
2094,205.12003333333334,1563200094000,140
2095,205.1175,1563200095000,441
2096,205.12250000000003,1563200096000,1210
2097,205.113,1563200097000,50
2098,205.13333333333333,1563200098000,462
2099,205.12454545454548,1563200099000,1753
2100,205.12137575757575,1563200100000,3387
2101,205.13,1563200101000,319
2102,205.1395,1563200102000,112
2103,205.13885384615378,1563200103000,6672
2104,205.1313636363637,1563200104000,881
2105,205.1165842105263,1563200105000,1723
2106,205.09987499999997,1563200106000,1126
2107,205.0959142857143,1563200107000,3783
2108,205.1001,1563200108000,1
2109,205.11,1563200109000,9
2110,205.10399999999998,1563200110000,392
2111,205.1033666666667,1563200111000,386
2112,205.1044,1563200112000,150
2113,205.1036,1563200113000,43
2114,205.10415,1563200114000,348
2115,205.10242,1563200115000,70
2116,205.10299999999998,1563200116000,400
2117,205.1,1563200117000,10
2118,205.1,1563200118000,16
2119,205.10985,1563200119000,28
2120,205.1,1563200120000,1
2121,205.11,1563200121000,20
2122,205.10859999999994,1563200122000,3772
2123,205.10909090909098,1563200123000,355
2124,205.09592105263167,1563200124000,2733
2125,205.07914,1563200125000,188
2126,205.07473333333328,1563200126000,127
2127,205.075,1563200127000,265
2128,205.08416666666665,1563200128000,370
2129,205.09414736842112,1563200129000,1777
2130,205.08765,1563200130000,101
2131,205.08505000000002,1563200131000,531
2132,205.0815,1563200132000,100
2133,205.09,1563200133000,715
2134,205.09999999999997,1563200134000,266
2135,205.0985,1563200135000,100
2136,205.0934,1563200136000,1
2137,205.09670000000003,1563200137000,217
2138,205.09,1563200138000,5
2139,205.0911,1563200139000,441
2140,205.1,1563200140000,120
2141,205.09806666666668,1563200141000,1123
2142,205.10588235294102,1563200142000,1994
2143,205.11444444444442,1563200143000,335
2144,205.12415555555555,1563200144000,1763
2145,205.13334285714285,1563200145000,400
2146,205.1304636363637,1563200146000,280
2147,205.1354166666667,1563200147000,571
2148,205.13888888888883,1563200148000,395
2149,205.14758,1563200149000,300
2150,205.15045454545455,1563200150000,556
2151,205.1513,1563200151000,200
2152,205.14,1563200152000,100
2153,205.15201333333337,1563200153000,1807
2154,205.16407333333336,1563200154000,895
2155,205.17192702702712,1563200155000,2625
2156,205.174,1563200156000,1
2157,205.1758,1563200157000,400
2158,205.18321428571426,1563200158000,1321
2159,205.1823,1563200159000,20
2160,205.1711285714286,1563200160000,1389
2161,205.1696529411765,1563200161000,1036
2162,205.17096153846157,1563200162000,622
2163,205.182475,1563200163000,838
2164,205.17005,1563200164000,150
2165,205.15175,1563200165000,851
2166,205.1821428571429,1563200166000,412
2167,205.18063750000002,1563200167000,897
2168,205.185425,1563200168000,304
2169,205.18724999999998,1563200169000,49
2170,205.18625000000003,1563200170000,287
2171,205.1889,1563200171000,201
2172,205.18965,1563200172000,31
2173,205.1897277777778,1563200173000,1656
2174,205.1804264705883,1563200174000,2465
2175,205.183,1563200175000,217
2176,205.1846,1563200176000,721
2177,205.18176666666668,1563200177000,21
2178,205.18312500000005,1563200178000,1126
2179,205.18393333333333,1563200179000,318
2180,205.18233333333333,1563200180000,150
2181,205.1806333333333,1563200181000,114
2182,205.1875,1563200182000,250
2183,205.1833333333333,1563200183000,206
2184,205.1825,1563200184000,104
2185,205.18,1563200185000,20
2186,205.14938148148158,1563200186000,8318
2187,205.11785714285708,1563200187000,960
2188,205.1194444444444,1563200188000,1007
2189,205.1325,1563200189000,82
2190,205.14425,1563200190000,600
2191,205.15131578947367,1563200191000,1539
2192,205.15973333333332,1563200192000,3501
2193,205.16227272727275,1563200193000,1159
2194,205.18,1563200194000,1
2195,205.1734,1563200195000,75
2196,205.1601,1563200196000,2
2197,205.17200000000003,1563200197000,2390
2198,205.15875000000003,1563200198000,509
2199,205.13511964285726,1563200199000,6789
2200,205.11,1563200200000,43
2201,205.10750000000002,1563200201000,107
2202,205.10121578947363,1563200202000,1390
2203,205.0942857142857,1563200203000,701
2204,205.09715384615382,1563200204000,1210
2205,205.09723749999995,1563200205000,315
2206,205.10208333333333,1563200206000,238
2207,205.10444999999999,1563200207000,501
2208,205.1089615384615,1563200208000,1249
2209,205.12005,1563200209000,100
2210,205.1212888888889,1563200210000,673
2211,205.12909090909096,1563200211000,1118
2212,205.13918333333336,1563200212000,933
2213,205.15,1563200213000,222
2214,205.1301,1563200214000,1
2215,205.1397,1563200215000,300
2216,205.152425,1563200216000,3014
2217,205.14914285714283,1563200217000,883
2218,205.15166666666667,1563200218000,256
2219,205.159375,1563200219000,618
2220,205.1612,1563200220000,100
2221,205.16660000000002,1563200221000,887
2222,205.1627,1563200222000,192
2223,205.15285,1563200223000,493
2224,205.1742,1563200224000,250
2225,205.17916666666667,1563200225000,500
2226,205.17333333333332,1563200226000,1310
2227,205.17872222222226,1563200227000,429
2228,205.17918333333333,1563200228000,402
2229,205.17999999999998,1563200229000,101
2230,205.1885,1563200230000,40
2231,205.185,1563200231000,200
2232,205.1925,1563200232000,1107
2233,205.19896551724128,1563200233000,4045
2234,205.18494285714286,1563200234000,520
2235,205.19875000000002,1563200235000,401
2236,205.19366666666664,1563200236000,111
2237,205.1908,1563200237000,1371
2238,205.2,1563200238000,35
2239,205.19170000000005,1563200239000,621
2240,205.19045454545457,1563200240000,212
2241,205.1932,1563200241000,200
2242,205.19443333333334,1563200242000,327
2243,205.19,1563200243000,100
2244,205.20299999999995,1563200244000,2662
2245,205.22826153846142,1563200245000,3762
2246,205.2409090909091,1563200246000,1159
2247,205.24653846153842,1563200247000,7050
2248,205.24621199999993,1563200248000,2710
2249,205.24583333333337,1563200249000,1086
2250,205.25009411764708,1563200250000,984
2251,205.25026666666668,1563200251000,1078
2252,205.24280000000002,1563200252000,640
2253,205.23999999999992,1563200253000,1851
2254,205.24224999999998,1563200254000,1833
2255,205.25445,1563200255000,398
2256,205.25990000000002,1563200256000,6
2257,205.26215000000002,1563200257000,1004
2258,205.26,1563200258000,24
2259,205.2682,1563200259000,30
2260,205.25375,1563200260000,282
2261,205.27,1563200261000,3
2262,205.27223333333333,1563200262000,1245
2263,205.28,1563200263000,200
2264,205.26614999999998,1563200264000,20
2265,205.26,1563200265000,3
2266,205.26436666666666,1563200266000,680
2267,205.2601,1563200267000,1
2268,205.267125,1563200268000,56
2269,205.27395,1563200269000,65
2270,205.27750000000003,1563200270000,1195
2271,205.28,1563200271000,1
2272,205.28042727272725,1563200272000,829
2273,205.295475,1563200273000,690
2274,205.29582499999998,1563200274000,202
2275,205.29466666666667,1563200275000,205
2276,205.30073076923088,1563200276000,7775
2277,205.30909999999997,1563200277000,749
2278,205.31898333333334,1563200278000,7678
2279,205.32291666666663,1563200279000,2717
2280,205.32775,1563200280000,710
2281,205.32586666666666,1563200281000,110
2282,205.325,1563200282000,200
2283,205.3222916666665,1563200283000,3659
2284,205.30903333333333,1563200284000,960
2285,205.3,1563200285000,3100
2286,205.31466666666665,1563200286000,94
2287,205.32588333333334,1563200287000,584
2288,205.31999999999996,1563200288000,110
2289,205.32876666666667,1563200289000,600
2290,205.3267,1563200290000,400
2291,205.336275,1563200291000,231
2292,205.31871176470594,1563200292000,6199
2293,205.30624999999998,1563200293000,711
2294,205.3005,1563200294000,500
2295,205.305,1563200295000,100
2296,205.305,1563200296000,50
2297,205.30888888888887,1563200297000,507
2298,205.3019,1563200298000,2897
2299,205.3001,1563200299000,12
2300,205.3194,1563200300000,2
2301,205.3013,1563200301000,1
2302,205.31655312499993,1563200302000,1583
2303,205.315,1563200303000,18
2304,205.33570952380956,1563200304000,2958
2305,205.340425,1563200305000,575
2306,205.33915000000002,1563200306000,125
2307,205.33813333333333,1563200307000,115
2308,205.33999999999997,1563200308000,1402
2309,205.32852941176472,1563200309000,1437
2310,205.33,1563200310000,397
2311,205.32255999999998,1563200311000,58
2312,205.3229,1563200312000,736
2313,205.33499999999998,1563200313000,634
2314,205.3425,1563200314000,120
2315,205.3304,1563200315000,750
2316,205.3385,1563200316000,50
2317,205.33666666666667,1563200317000,59
2318,205.3239702702702,1563200318000,2342
2319,205.3007,1563200319000,70
2320,205.30769999999998,1563200320000,213
2321,205.3135,1563200321000,5
2322,205.31343076923076,1563200322000,515
2323,205.31,1563200323000,17
2324,205.3,1563200324000,283
2325,205.3046,1563200325000,600
2326,205.30495000000002,1563200326000,141
2327,205.30083333333334,1563200327000,600
2328,205.29925333333333,1563200328000,1507
2329,205.29,1563200329000,200
2330,205.2714875,1563200330000,542
2331,205.2601,1563200331000,1
2332,205.26,1563200332000,100
2333,205.2759166666667,1563200333000,3880
2334,205.2616,1563200334000,50
2335,205.27355555555556,1563200335000,685
2336,205.28333333333333,1563200336000,1101
2337,205.29,1563200337000,42
2338,205.28,1563200338000,100
2339,205.27816,1563200339000,1236
2340,205.2771,1563200340000,2
2341,205.2683272727273,1563200341000,765
2342,205.2219,1563200342000,302
2343,205.26302857142855,1563200343000,479
2344,205.27,1563200344000,100
2345,205.26405,1563200345000,200
2346,205.27,1563200346000,100
2347,205.27,1563200347000,839
2348,205.2731,1563200348000,21
2349,205.2658,1563200349000,226
2350,205.280625,1563200350000,530
2351,205.28665555555554,1563200351000,2085
2352,205.277971875,1563200352000,5855
2353,205.28000000000003,1563200353000,560
2354,205.28,1563200354000,42
2355,205.29326666666665,1563200355000,1327
2356,205.29,1563200356000,600
2357,205.28951428571426,1563200357000,3928
2358,205.29999999999998,1563200358000,300
2359,205.30495000000002,1563200359000,2
2360,205.30861999999996,1563200360000,251
2361,205.31685000000002,1563200361000,457
2362,205.32330500000003,1563200362000,2468
2363,205.32797499999995,1563200363000,2556
2364,205.31900000000002,1563200364000,416
2365,205.307,1563200365000,3
2366,205.31099,1563200366000,1024
2367,205.305,1563200367000,26
2368,205.30990000000003,1563200368000,913
2369,205.32000000000002,1563200369000,121
2370,205.31435,1563200370000,216
2371,205.3065,1563200371000,1100
2372,205.3066666666667,1563200372000,205
2373,205.31874999999997,1563200373000,523
2374,205.317075,1563200374000,1257
2375,205.3101,1563200375000,2
2376,205.32,1563200376000,249
2377,205.32349166666663,1563200377000,948
2378,205.32519999999997,1563200378000,1647
2379,205.33,1563200379000,1
2380,205.32038461538463,1563200380000,907
2381,205.32,1563200381000,18
2382,205.3325,1563200382000,527
2383,205.3201,1563200383000,50
2384,205.33065,1563200384000,394
2385,205.33,1563200385000,1
2386,205.3273916666666,1563200386000,4783
2387,205.33562500000005,1563200387000,909
2388,205.32835,1563200388000,695
2389,205.33,1563200389000,242
2390,205.3214649999999,1563200390000,2867
2391,205.32250000000002,1563200391000,229
2392,205.3209,1563200392000,30
2393,205.34,1563200393000,3
2394,205.33371666666667,1563200394000,338
2395,205.34713018867944,1563200395000,14779
2396,205.36738095238093,1563200396000,1261
2397,205.355,1563200397000,113
2398,205.35896666666667,1563200398000,604
2399,205.34999999999997,1563200399000,618
2400,205.37,1563200400000,50
2401,205.355,1563200401000,1117
2402,205.36666666666667,1563200402000,1700
2403,205.375,1563200403000,2200
2404,205.36492500000006,1563200404000,2839
2405,205.37,1563200405000,600
2406,205.3685,1563200406000,17
2407,205.36,1563200407000,1
2408,205.36999999999998,1563200408000,600
2409,205.36999999999995,1563200409000,600
2410,205.37095499999995,1563200410000,2422
2411,205.36103333333335,1563200411000,22
2412,205.36565185185177,1563200412000,1445
2413,205.34987272727275,1563200413000,9040
2414,205.3607142857143,1563200414000,627
2415,205.37,1563200415000,212
2416,205.36000000000007,1563200416000,1658
2417,205.35415,1563200417000,350
2418,205.35,1563200418000,4
2419,205.36000000000004,1563200419000,600
2420,205.35715714285715,1563200420000,360
2421,205.35209999999998,1563200421000,104
2422,205.36,1563200422000,300
2423,205.3201,1563200423000,100
2424,205.3771,1563200424000,50
2425,205.3708774193548,1563200425000,4868
2426,205.36096000000006,1563200426000,2100
2427,205.3575857142857,1563200427000,630
2428,205.35948000000002,1563200428000,697
2429,205.352,1563200429000,202
2430,205.37,1563200430000,100
2431,205.35,1563200431000,3
2432,205.3502,1563200432000,2
2433,205.35402,1563200433000,306
2434,205.35366666666667,1563200434000,109
2435,205.35798333333332,1563200435000,330
2436,205.35208000000006,1563200436000,3479
2437,205.33416862745088,1563200437000,5323
2438,205.29666666666665,1563200438000,616
2439,205.28699999999998,1563200439000,3568
2440,205.30591666666666,1563200440000,1641
2441,205.28483333333335,1563200441000,116
2442,205.29939444444452,1563200442000,4556
2443,205.31,1563200443000,1
2444,205.3033333333333,1563200444000,1274
2445,205.3,1563200445000,50
2446,205.2975,1563200446000,201
2447,205.2908,1563200447000,1000
2448,205.3013636363636,1563200448000,1234
2449,205.31,1563200449000,3
2450,205.30999999999997,1563200450000,901
2451,205.3158,1563200451000,5
2452,205.315,1563200452000,50
2453,205.31261702127654,1563200453000,6113
2454,205.30393333333336,1563200454000,45
2455,205.31877083333336,1563200455000,1457
2456,205.3198,1563200456000,4
2457,205.3231,1563200457000,19
2458,205.3016666666667,1563200458000,1911
2459,205.31045454545458,1563200459000,848
2460,205.32000000000002,1563200460000,400
2461,205.33416666666665,1563200461000,185
2462,205.32370370370367,1563200462000,2498
2463,205.3189,1563200463000,200
2464,205.30522857142856,1563200464000,464
2465,205.29005,1563200465000,31
2466,205.29,1563200466000,835
2467,205.2688888888889,1563200467000,409
2468,205.25840909090914,1563200468000,998
2469,205.265025,1563200469000,2984
2470,205.25945,1563200470000,186
2471,205.23299565217388,1563200471000,4976
2472,205.2161523809524,1563200472000,4457
2473,205.2011,1563200473000,1100
2474,205.21333333333328,1563200474000,613
2475,205.21863636363634,1563200475000,1121
2476,205.21635,1563200476000,623
2477,205.21505000000002,1563200477000,200
2478,205.22666666666666,1563200478000,339
2479,205.26330000000002,1563200479000,110
2480,205.24165000000002,1563200480000,1158
2481,205.228,1563200481000,662
2482,205.21999999999997,1563200482000,458
2483,205.221,1563200483000,170
2484,205.21916666666667,1563200484000,453
2485,205.22706666666667,1563200485000,168
2486,205.2061538461538,1563200486000,1428
2487,205.19582499999999,1563200487000,198
2488,205.1907,1563200488000,26
2489,205.2,1563200489000,500
2490,205.20891176470587,1563200490000,902
2491,205.21125,1563200491000,110
2492,205.20505,1563200492000,68
2493,205.21,1563200493000,32
2494,205.23,1563200494000,200
2495,205.21459999999996,1563200495000,1417
2496,205.2001,1563200496000,1
2497,205.21,1563200497000,409
2498,205.21571428571428,1563200498000,421
2499,205.2145,1563200499000,248
2500,205.22,1563200500000,15
2501,205.2016,1563200501000,217
2502,205.21005,1563200502000,14
2503,205.2001,1563200503000,2
2504,205.2000142857143,1563200504000,445
2505,205.21,1563200505000,100
2506,205.20440000000002,1563200506000,214
2507,205.21449999999996,1563200507000,1928
2508,205.2099,1563200508000,105
2509,205.21275,1563200509000,501
2510,205.232252173913,1563200510000,1988
2511,205.23275,1563200511000,269
2512,205.2379,1563200512000,48
2513,205.2388,1563200513000,21
2514,205.23,1563200514000,2
2515,205.2341888888889,1563200515000,631
2516,205.23559999999998,1563200516000,450
2517,205.24,1563200517000,4
2518,205.23,1563200518000,152
2519,205.2375125,1563200519000,538
2520,205.23638571428575,1563200520000,405
2521,205.25103793103455,1563200521000,1623
2522,205.25,1563200522000,1
2523,205.2575,1563200523000,14
2524,205.2606,1563200524000,300
2525,205.2676,1563200525000,100
2526,205.27,1563200526000,39
2527,205.27546,1563200527000,2662
2528,205.28166666666667,1563200528000,700
2529,205.2710343750001,1563200529000,4029
2530,205.27790000000002,1563200530000,1794
2531,205.27987142857143,1563200531000,900
2532,205.27283333333335,1563200532000,200
2533,205.28998888888884,1563200533000,743
2534,205.29713999999998,1563200534000,235
2535,205.29631578947368,1563200535000,963
2536,205.295,1563200536000,700
2537,205.30465,1563200537000,300
2538,205.3,1563200538000,10
2539,205.31,1563200539000,200
2540,205.31336249999995,1563200540000,679
2541,205.32000000000002,1563200541000,515
2542,205.32850000000002,1563200542000,1996
2543,205.32948333333334,1563200543000,346
2544,205.3386285714286,1563200544000,235
2545,205.349,1563200545000,484
2546,205.34971249999998,1563200546000,514
2547,205.34105999999997,1563200547000,760
2548,205.3499,1563200548000,1
2549,205.34663333333333,1563200549000,201
2550,205.35136363636363,1563200550000,1315
2551,205.35833333333338,1563200551000,1235
2552,205.36985714285714,1563200552000,909
2553,205.36166666666668,1563200553000,206
2554,205.35674999999998,1563200554000,260
2555,205.3725714285714,1563200555000,3256
2556,205.36999999999995,1563200556000,3235
2557,205.3514083333333,1563200557000,1552
2558,205.35,1563200558000,100
2559,205.3600769230769,1563200559000,1896
2560,205.35133333333326,1563200560000,986
2561,205.35090909090906,1563200561000,1790
2562,205.35834444444447,1563200562000,1333
2563,205.35297826086952,1563200563000,2302
2564,205.35286000000002,1563200564000,2202
2565,205.355,1563200565000,1000
2566,205.35459999999998,1563200566000,4037
2567,205.34999999999994,1563200567000,1414
2568,205.35000999999997,1563200568000,1054
2569,205.34791666666663,1563200569000,795
2570,205.33222222222219,1563200570000,561
2571,205.3258,1563200571000,313
2572,205.3075,1563200572000,206
2573,205.30934800000003,1563200573000,4380
2574,205.27894736842106,1563200574000,1275
2575,205.2772500000001,1563200575000,9215
2576,205.28276,1563200576000,749
2577,205.28521999999998,1563200577000,1153
2578,205.28121666666667,1563200578000,96
2579,205.28125,1563200579000,300
2580,205.285,1563200580000,1400
2581,205.2832,1563200581000,68
2582,205.29067333333336,1563200582000,536
2583,205.30000000000004,1563200583000,111
2584,205.30889999999997,1563200584000,525
2585,205.29,1563200585000,100
2586,205.30718000000002,1563200586000,1060
2587,205.30968750000002,1563200587000,971
2588,205.335,1563200588000,100
2589,205.335,1563200589000,100
2590,205.3325,1563200590000,100
2591,205.331875,1563200591000,61
2592,205.333,1563200592000,301
2593,205.33538,1563200593000,450
2594,205.33166666666668,1563200594000,244
2595,205.31930434782612,1563200595000,2005
2596,205.2937,1563200596000,61
2597,205.2885642857143,1563200597000,902
2598,205.2618,1563200598000,256
2599,205.24725454545452,1563200599000,474
2600,205.22906499999993,1563200600000,3972
2601,205.2431,1563200601000,669
2602,205.25079,1563200602000,750
2603,205.240275,1563200603000,3300
2604,205.24025454545455,1563200604000,424
2605,205.24366666666666,1563200605000,2913
2606,205.23577500000002,1563200606000,950
2607,205.23995000000002,1563200607000,498
2608,205.22859374999993,1563200608000,2976
2609,205.21035,1563200609000,1239
2610,205.2166666666666,1563200610000,1659
2611,205.18556600000002,1563200611000,5244
2612,205.21763157894736,1563200612000,984
2613,205.24447368421056,1563200613000,859
2614,205.25,1563200614000,500
2615,205.23903333333337,1563200615000,840
2616,205.2386,1563200616000,40
2617,205.25,1563200617000,100
2618,205.24953999999997,1563200618000,500
2619,205.245,1563200619000,200
2620,205.23886363636367,1563200620000,1875
2621,205.25,1563200621000,150
2622,205.25824000000003,1563200622000,974
2623,205.27229166666677,1563200623000,1970
2624,205.2552333333333,1563200624000,438
2625,205.255,1563200625000,100
2626,205.2501,1563200626000,5
2627,205.26571428571427,1563200627000,638
2628,205.27,1563200628000,1
2629,205.27115,1563200629000,600
2630,205.28,1563200630000,32
2631,205.275325,1563200631000,104
2632,205.28459333333333,1563200632000,698
2633,205.285,1563200633000,400
2634,205.27095238095245,1563200634000,1462
2635,205.26,1563200635000,79
2636,205.26,1563200636000,1
2637,205.26,1563200637000,18
2638,205.27125,1563200638000,1061
2639,205.285,1563200639000,10
2640,205.2875,1563200640000,207
2641,205.2842142857143,1563200641000,323
2642,205.27166666666668,1563200642000,141
2643,205.267525,1563200643000,75
2644,205.26333333333338,1563200644000,1084
2645,205.26545454545456,1563200645000,964
2646,205.23139999999987,1563200646000,7680
2647,205.23600000000002,1563200647000,99
2648,205.26,1563200648000,36
2649,205.2464666666667,1563200649000,114
2650,205.24922,1563200650000,62
2651,205.2479,1563200651000,8
2652,205.24678,1563200652000,3466
2653,205.25384615384615,1563200653000,2568
2654,205.252,1563200654000,633
2655,205.2433,1563200655000,126
2656,205.245,1563200656000,50
2657,205.2462,1563200657000,19
2658,205.26249615384617,1563200658000,2353
2659,205.287,1563200659000,371
2660,205.29671249999998,1563200660000,1131
2661,205.29874999999998,1563200661000,741
2662,205.30999999999997,1563200662000,500
2663,205.31,1563200663000,100
2664,205.30874999999997,1563200664000,109
2665,205.30273333333332,1563200665000,251
2666,205.32,1563200666000,104
2667,205.315,1563200667000,700
2668,205.31240833333334,1563200668000,2874
2669,205.30824117647057,1563200669000,3933
2670,205.292,1563200670000,1200
2671,205.29005999999998,1563200671000,400
