index,price,unix_time,volume
0,204.11767500000005,1561988400000,1482
1,204.14124999999984,1561988401000,13325
2,204.1429454545454,1561988402000,2304
3,204.1196142857143,1561988403000,9365
4,204.132475,1561988404000,276
5,204.1629974683545,1561988405000,8269
6,204.1964642857143,1561988406000,7463
7,204.19245833333332,1561988407000,2093
8,204.16704444444437,1561988408000,5555
9,204.1769675675676,1561988409000,4479
10,204.17353333333335,1561988410000,1296
11,204.16181176470593,1561988411000,2630
12,204.19856129032254,1561988412000,4582
13,204.19132739726018,1561988413000,6809
14,204.20333333333326,1561988414000,2914
15,204.20574400000012,1561988415000,8548
16,204.230506521739,1561988416000,4102
17,204.23874999999998,1561988417000,1574
18,204.2436308411216,1561988418000,14086
19,204.2522909090909,1561988419000,1897
20,204.26715294117645,1561988420000,1298
21,204.26126500000004,1561988421000,1772
22,204.26730925925932,1561988422000,5187
23,204.27078461538466,1561988423000,2894
24,204.27732564102584,1561988424000,9504
25,204.28956376811573,1561988425000,10077
26,204.28455526315784,1561988426000,4818
27,204.2695492063494,1561988427000,10226
28,204.30316851851862,1561988428000,10075
29,204.3079970588236,1561988429000,2743
30,204.31633055555554,1561988430000,4484
31,204.30273030303042,1561988431000,2716
32,204.27915000000024,1561988432000,12623
33,204.26658333333347,1561988433000,3259
34,204.28084883720933,1561988434000,5011
35,204.29299999999998,1561988435000,1120
36,204.26876538461545,1561988436000,2861
37,204.2684086956522,1561988437000,1552
38,204.2612698795181,1561988438000,5953
39,204.23290799999995,1561988439000,2532
40,204.22426949152532,1561988440000,4704
41,204.23659545454547,1561988441000,1123
42,204.23298157894726,1561988442000,2501
43,204.2653750000001,1561988443000,2577
44,204.24466885245883,1561988444000,7341
45,204.23736739130433,1561988445000,2778
46,204.23591290322568,1561988446000,1793
47,204.23307499999999,1561988447000,406
48,204.24454242424238,1561988448000,2573
49,204.2308823529412,1561988449000,1651
50,204.23917058823525,1561988450000,2743
51,204.24861,1561988451000,1939
52,204.28087758620677,1561988452000,6999
53,204.31540000000004,1561988453000,2436
54,204.34144999999995,1561988454000,2642
55,204.38963207547175,1561988455000,11274
56,204.4166611111111,1561988456000,3634
57,204.4245294117647,1561988457000,6615
58,204.4199416666667,1561988458000,3625
59,204.42562500000003,1561988459000,1171
60,204.40608918918903,1561988460000,3589
61,204.40470344827582,1561988461000,3101
62,204.40731153846147,1561988462000,1751
63,204.39131836734688,1561988463000,4863
64,204.38912195121958,1561988464000,10681
65,204.39945777777783,1561988465000,3048
66,204.41315,1561988466000,3166
67,204.41983999999997,1561988467000,1902
68,204.40500322580615,1561988468000,8024
69,204.41213684210524,1561988469000,1406
70,204.40292631578947,1561988470000,2078
71,204.44822564102526,1561988471000,9732
72,204.46471176470584,1561988472000,1276
73,204.47982500000003,1561988473000,2742
74,204.48333432835807,1561988474000,6424
75,204.46002926829271,1561988475000,3618
76,204.47350555555542,1561988476000,4180
77,204.453429787234,1561988477000,3691
78,204.44693999999998,1561988478000,2923
79,204.4631166666666,1561988479000,1890
80,204.46518,1561988480000,3082
81,204.4626470588235,1561988481000,5058
82,204.44500119047626,1561988482000,13707
83,204.42854666666653,1561988483000,1866
84,204.4587086956521,1561988484000,3499
85,204.45589230769227,1561988485000,2407
86,204.45633664921445,1561988486000,16528
87,204.43441481481483,1561988487000,3503
88,204.44218333333328,1561988488000,4059
89,204.4428355555555,1561988489000,3458
90,204.44768249999987,1561988490000,3718
91,204.43997333333334,1561988491000,1079
92,204.42857142857147,1561988492000,1046
93,204.3876537037038,1561988493000,7434
94,204.3586099999999,1561988494000,2622
95,204.31495641025654,1561988495000,3675
96,204.33731764705888,1561988496000,4951
97,204.36510934579437,1561988497000,13264
98,204.35310476190477,1561988498000,1791
99,204.34784166666668,1561988499000,1949
100,204.35739268292681,1561988500000,5123
101,204.33387142857137,1561988501000,2533
102,204.3473366666667,1561988502000,2702
103,204.2795273684212,1561988503000,8689
104,204.30105799999998,1561988504000,4483
105,204.3038482758622,1561988505000,4943
106,204.284756097561,1561988506000,1358
107,204.29223194444444,1561988507000,4658
108,204.3123352941177,1561988508000,2164
109,204.3270258064516,1561988509000,3790
110,204.29621999999995,1561988510000,1370
111,204.26436666666666,1561988511000,776
112,204.26690588235306,1561988512000,3520
113,204.26324444444444,1561988513000,757
114,204.25947368421058,1561988514000,1686
115,204.2145151162792,1561988515000,7109
116,204.1650166666666,1561988516000,7472
117,204.14121891891904,1561988517000,2847
118,204.12048888888887,1561988518000,2103
119,204.1017430555557,1561988519000,12352
120,204.124237614679,1561988520000,7365
121,204.1873137931034,1561988521000,3311
122,204.2122285714285,1561988522000,1541
123,204.22000666666662,1561988523000,790
124,204.21399000000002,1561988524000,790
125,204.20699836065566,1561988525000,7297
126,204.21419302325583,1561988526000,3984
127,204.22591999999995,1561988527000,2369
128,204.23808333333332,1561988528000,401
129,204.262972972973,1561988529000,1864
130,204.26553333333345,1561988530000,4710
131,204.29614444444445,1561988531000,2618
132,204.29138000000003,1561988532000,1985
133,204.31827058823526,1561988533000,2442
134,204.32882666666666,1561988534000,1085
135,204.32795925925925,1561988535000,8900
136,204.31282962962973,1561988536000,7374
137,204.30683333333332,1561988537000,826
138,204.3033181818183,1561988538000,2972
139,204.28450500000005,1561988539000,3761
140,204.27650999999997,1561988540000,1630
141,204.26577727272735,1561988541000,2968
142,204.262061904762,1561988542000,2788
143,204.28686000000008,1561988543000,1255
144,204.22402539682525,1561988544000,9735
145,204.22375000000002,1561988545000,420
146,204.20342051282043,1561988546000,3584
147,204.2202333333333,1561988547000,1854
148,204.21378684210538,1561988548000,2231
149,204.21744146341467,1561988549000,5771
150,204.1918764705882,1561988550000,1162
151,204.16607999999997,1561988551000,1207
152,204.1668263157895,1561988552000,995
153,204.15600800000004,1561988553000,9504
154,204.11856923076922,1561988554000,1266
155,204.0999866666667,1561988555000,1643
156,204.0800857142858,1561988556000,10187
157,204.09953518518518,1561988557000,10563
158,204.09819097744355,1561988558000,11151
159,204.09234393939397,1561988559000,9865
160,204.06923846153848,1561988560000,1297
161,204.033775362319,1561988561000,5870
162,203.98571564625857,1561988562000,12344
163,203.96013414634146,1561988563000,2879
164,203.9637352941176,1561988564000,1330
165,203.9579888888887,1561988565000,13030
166,203.92326666666668,1561988566000,4887
167,203.89050153846134,1561988567000,3758
168,203.88198490566026,1561988568000,3485
169,203.88768666666672,1561988569000,1906
170,203.87072985074622,1561988570000,6186
171,203.8382777777777,1561988571000,4499
172,203.8781472222223,1561988572000,1169
173,203.8962028571429,1561988573000,3082
174,203.893175,1561988574000,909
175,203.90687297297302,1561988575000,2787
176,203.904255,1561988576000,678
177,203.91630882352948,1561988577000,9279
178,203.90348695652173,1561988578000,1608
179,203.90998750000003,1561988579000,2019
180,203.94476969696962,1561988580000,2123
181,203.95851111111108,1561988581000,1314
182,203.95524210526318,1561988582000,1226
183,203.97604482758612,1561988583000,2178
184,203.97383333333335,1561988584000,1212
185,203.96380000000002,1561988585000,1655
186,203.97672857142854,1561988586000,2214
187,203.97731111111113,1561988587000,699
188,203.96879230769233,1561988588000,913
189,203.93080689655167,1561988589000,2632
190,203.94272142857145,1561988590000,1482
191,203.93808205128195,1561988591000,8431
192,203.9173666666666,1561988592000,2994
193,203.89752500000003,1561988593000,373
194,203.89481200000006,1561988594000,7587
195,203.90469,1561988595000,2903
196,203.91927222222225,1561988596000,1701
197,203.93683333333337,1561988597000,323
198,203.93995,1561988598000,51
199,203.9444592592592,1561988599000,1516
200,203.95564166666665,1561988600000,723
201,203.97472727272725,1561988601000,1166
202,203.977208,1561988602000,3263
203,203.9701777777778,1561988603000,4879
204,203.9473076923077,1561988604000,1825
205,203.93655,1561988605000,55
206,203.9411,1561988606000,225
207,203.95,1561988607000,100
208,203.94700882352933,1561988608000,3898
209,203.95074375,1561988609000,2464
210,203.93264864864875,1561988610000,2166
211,203.9294866666666,1561988611000,916
212,203.95290434782603,1561988612000,11606
213,203.90460999999976,1561988613000,3955
214,203.87213333333335,1561988614000,866
215,203.8686,1561988615000,1631
216,203.8019736842103,1561988616000,10562
217,203.7589923076923,1561988617000,3561
218,203.78239772727267,1561988618000,4706
219,203.78385714285713,1561988619000,1045
220,203.78308478260865,1561988620000,4725
221,203.76119565217397,1561988621000,3359
222,203.75130714285714,1561988622000,901
223,203.788125,1561988623000,3229
224,203.79192727272724,1561988624000,3928
225,203.78441282051278,1561988625000,2182
226,203.7958030303032,1561988626000,2267
227,203.80767272727272,1561988627000,547
228,203.7637086956522,1561988628000,1804
229,203.82104166666662,1561988629000,2244
230,203.82958666666667,1561988630000,2182
231,203.84441176470585,1561988631000,989
232,203.8624319148936,1561988632000,11709
233,203.8467804123713,1561988633000,7485
234,203.8480714285715,1561988634000,5565
235,203.8413764705882,1561988635000,2053
236,203.83076923076916,1561988636000,2820
237,203.8385913043479,1561988637000,1844
238,203.82576363636363,1561988638000,4734
239,203.81259999999997,1561988639000,1136
240,203.7829947368421,1561988640000,1459
241,203.7684875,1561988641000,4300
242,203.7615523809524,1561988642000,2226
243,203.78206829268296,1561988643000,3539
244,203.8007012820514,1561988644000,12444
245,203.82764912280706,1561988645000,4472
246,203.84772903225806,1561988646000,2215
247,203.86343846153844,1561988647000,1377
248,203.86877142857142,1561988648000,4613
249,203.86615384615382,1561988649000,737
250,203.82952040816335,1561988650000,3815
251,203.817745,1561988651000,1729
252,203.83444444444442,1561988652000,7450
253,203.81456000000003,1561988653000,690
254,203.79043076923088,1561988654000,4171
255,203.77182500000004,1561988655000,1412
256,203.7677083333333,1561988656000,2356
257,203.75966,1561988657000,790
258,203.75125,1561988658000,401
259,203.6990760479041,1561988659000,16597
260,203.69753170731698,1561988660000,2598
261,203.70248333333336,1561988661000,953
262,203.70833055555556,1561988662000,3259
263,203.71168749999998,1561988663000,3288
264,203.7196181818182,1561988664000,3517
265,203.69721621621608,1561988665000,1995
266,203.68408750000003,1561988666000,4295
267,203.7327768115941,1561988667000,5441
268,203.7796192307693,1561988668000,6663
269,203.80122909090906,1561988669000,5703
270,203.81575757575752,1561988670000,3474
271,203.80573928571428,1561988671000,2488
272,203.7955307692308,1561988672000,1932
273,203.8050289855072,1561988673000,15582
274,203.81690625,1561988674000,702
275,203.82270384615384,1561988675000,1827
276,203.82789459459454,1561988676000,2620
277,203.82956153846152,1561988677000,859
278,203.835025,1561988678000,292
279,203.8405033333334,1561988679000,2893
280,203.85508749999997,1561988680000,3108
281,203.83977236842102,1561988681000,7544
282,203.83321111111113,1561988682000,850
283,203.8458631578947,1561988683000,1206
284,203.85500000000002,1561988684000,252
285,203.861675,1561988685000,699
286,203.85784000000004,1561988686000,578
287,203.8575,1561988687000,2005
288,203.85399058823526,1561988688000,5999
289,203.86664999999996,1561988689000,896
290,203.89247747747726,1561988690000,12057
291,203.89272727272729,1561988691000,569
292,203.9142393939394,1561988692000,2135
293,203.92642812499994,1561988693000,1587
294,203.93293333333335,1561988694000,3815
295,203.931,1561988695000,109
296,203.93520416666675,1561988696000,2687
297,203.93192499999995,1561988697000,2052
298,203.93317333333331,1561988698000,1961
299,203.78666666666666,1561988699000,601
300,203.94186000000008,1561988700000,6910
301,203.9456173076921,1561988701000,10574
302,203.91755869565216,1561988702000,2469
303,203.88939999999997,1561988703000,1476
304,203.8802473684211,1561988704000,736
305,203.88656250000003,1561988705000,1980
306,203.86928571428567,1561988706000,1925
307,203.88100400000008,1561988707000,2642
308,203.88557692307694,1561988708000,1532
309,203.85774651162797,1561988709000,2994
310,203.8849620689656,1561988710000,1815
311,203.88539600000001,1561988711000,1681
312,203.88500000000002,1561988712000,882
313,203.86251250000004,1561988713000,466
314,203.85500000000002,1561988714000,373
315,203.82690909090894,1561988715000,4646
316,203.7983473684211,1561988716000,2321
317,203.82076666666663,1561988717000,2503
318,203.7961,1561988718000,58
319,203.80115882352942,1561988719000,689
320,203.81058823529406,1561988720000,1554
321,203.80957857142855,1561988721000,1167
322,203.79704242424245,1561988722000,1985
323,203.78686428571427,1561988723000,1793
324,203.819865,1561988724000,1631
325,203.81200000000015,1561988725000,6865
326,203.7551724137931,1561988726000,1299
327,203.70797583333308,1561988727000,12123
328,203.67862000000005,1561988728000,633
329,203.67000000000002,1561988729000,815
330,203.69811249999998,1561988730000,531
331,203.6965829268291,1561988731000,3075
332,203.681,1561988732000,1684
333,203.6254946058087,1561988733000,23988
334,203.64390816326522,1561988734000,5229
335,203.5875885057471,1561988735000,11732
336,203.4955647222226,1561988736000,24190
337,203.4774649350648,1561988737000,6894
338,203.46779137931037,1561988738000,9652
339,203.4458666666667,1561988739000,712
340,203.4570849999998,1561988740000,2730
341,203.4821627450979,1561988741000,3570
342,203.4626363636364,1561988742000,695
343,203.4522021276594,1561988743000,7752
344,203.46843636363636,1561988744000,2796
345,203.46939199999994,1561988745000,2448
346,203.44704999999996,1561988746000,882
347,203.4307316326531,1561988747000,8007
348,203.40927631578944,1561988748000,4229
349,203.4124833333333,1561988749000,2114
350,203.39286818181824,1561988750000,1912
351,203.36766000000017,1561988751000,5244
352,203.3496878787878,1561988752000,1599
353,203.36059000000003,1561988753000,1445
354,203.35090434782606,1561988754000,2976
355,203.3264690721649,1561988755000,13752
356,203.31649999999993,1561988756000,1251
357,203.337256097561,1561988757000,4916
358,203.3736826086957,1561988758000,5045
359,203.4100611111111,1561988759000,2486
360,203.41903571428568,1561988760000,809
361,203.41947499999998,1561988761000,4127
362,203.41349000000002,1561988762000,3948
363,203.41217659574474,1561988763000,3446
364,203.41333333333333,1561988764000,309
365,203.39361363636365,1561988765000,9678
366,203.38599047619059,1561988766000,3564
367,203.37364999999997,1561988767000,3100
368,203.3563636363636,1561988768000,1328
369,203.3994431034482,1561988769000,6759
370,203.33415714285715,1561988770000,1093
371,203.31325806451622,1561988771000,4957
372,203.31420000000003,1561988772000,2023
373,203.31963043478268,1561988773000,1563
374,203.30297692307693,1561988774000,1511
375,203.30982142857138,1561988775000,2492
376,203.33382083333333,1561988776000,3412
377,203.36252962962965,1561988777000,3532
378,203.36246000000003,1561988778000,1224
379,203.38986388888884,1561988779000,2946
380,203.38438181818182,1561988780000,399
381,203.4271119999999,1561988781000,3157
382,203.4461826086956,1561988782000,1878
383,203.44815897435888,1561988783000,3082
384,203.43127500000008,1561988784000,4458
385,203.43620833333327,1561988785000,2291
386,203.44878235294115,1561988786000,1069
387,203.4855854166667,1561988787000,2766
388,203.47442608695647,1561988788000,1959
389,203.45905238095241,1561988789000,1638
390,203.5425888888889,1561988790000,1350
391,203.5485857142857,1561988791000,415
392,203.50863142857136,1561988792000,7014
393,203.4790954545454,1561988793000,3344
394,203.47203714285712,1561988794000,3068
395,203.51695909090915,1561988795000,2301
396,203.56943333333334,1561988796000,859
397,203.5760680851064,1561988797000,3661
398,203.56608679245286,1561988798000,4354
399,203.57023999999998,1561988799000,284
400,203.57083846153847,1561988800000,770
401,203.52685172413803,1561988801000,6065
402,203.49725833333332,1561988802000,836
403,203.5240266666667,1561988803000,16905
404,203.45125000000013,1561988804000,7445
405,203.48864772727265,1561988805000,4685
406,203.48974799999996,1561988806000,3881
407,203.49750000000003,1561988807000,649
408,203.47431499999988,1561988808000,5100
409,203.49029999999993,1561988809000,5836
410,203.45632413793098,1561988810000,7025
411,203.41739565217387,1561988811000,3842
412,203.3827264705883,1561988812000,4220
413,203.34284285714284,1561988813000,380
414,203.374998,1561988814000,4499
415,203.38999090909093,1561988815000,1455
416,203.41012222222224,1561988816000,4422
417,203.4099586206895,1561988817000,5117
418,203.38808666666682,1561988818000,14399
419,203.3581879518074,1561988819000,6450
420,203.43574999999984,1561988820000,5709
421,203.47967741935474,1561988821000,2444
422,203.46465,1561988822000,2950
423,203.46393999999998,1561988823000,918
424,203.4603714285714,1561988824000,961
425,203.4765503649636,1561988825000,11949
426,203.45959696969697,1561988826000,4056
427,203.50788461538463,1561988827000,770
428,203.53441621621624,1561988828000,4291
429,203.5388458333334,1561988829000,2678
430,203.53866888888908,1561988830000,5151
431,203.54286071428572,1561988831000,7963
432,203.55235666666675,1561988832000,3196
433,203.5420437500001,1561988833000,5072
434,203.54096190476187,1561988834000,1275
435,203.53206999999998,1561988835000,5725
436,203.49770769230767,1561988836000,476
437,203.48875217391299,1561988837000,1307
438,203.53062682926858,1561988838000,7302
439,203.53744999999998,1561988839000,655
440,203.5371,1561988840000,159
441,203.51285277777785,1561988841000,2931
442,203.44550000000015,1561988842000,5616
443,203.3939,1561988843000,558
444,203.39284285714285,1561988844000,1390
445,203.42432222222217,1561988845000,4872
446,203.4325,1561988846000,429
447,203.3834142857143,1561988847000,410
448,203.398652173913,1561988848000,2413
449,203.38589795918358,1561988849000,4316
450,203.40480800000006,1561988850000,2640
451,203.43836428571421,1561988851000,5073
452,203.4307047619047,1561988852000,1487
453,203.44645833333334,1561988853000,792
454,203.4448142857143,1561988854000,465
455,203.453,1561988855000,181
456,203.44749999999993,1561988856000,1919
457,203.4579653846154,1561988857000,1757
458,203.45953157894718,1561988858000,5358
459,203.49097741935475,1561988859000,1790
460,203.46093636363636,1561988860000,721
461,203.46496428571427,1561988861000,662
462,203.47,1561988862000,917
463,203.50236721311492,1561988863000,9979
464,203.53012894736835,1561988864000,1915
465,203.53224137931034,1561988865000,2069
466,203.5207142857143,1561988866000,1564
467,203.5228083333335,1561988867000,2672
468,203.51967692307701,1561988868000,2730
469,203.5240333333334,1561988869000,1895
470,203.51498750000002,1561988870000,532
471,203.50104166666662,1561988871000,1757
472,203.46893225806434,1561988872000,5777
473,203.45771666666664,1561988873000,1975
474,203.47908999999999,1561988874000,1718
475,203.495825,1561988875000,691
476,203.474,1561988876000,1289
477,203.44901999999996,1561988877000,706
478,203.45256153846154,1561988878000,855
479,203.4584807692308,1561988879000,2041
480,203.49241259842526,1561988880000,13292
481,203.48090909090908,1561988881000,1627
482,203.50920666666676,1561988882000,1756
483,203.51041521739148,1561988883000,3591
484,203.51665,1561988884000,21
485,203.51850333333357,1561988885000,1471
486,203.5182606060606,1561988886000,3886
487,203.5007404761905,1561988887000,3710
488,203.54275090909087,1561988888000,3396
489,203.5788285714287,1561988889000,3094
490,203.60524545454547,1561988890000,2361
491,203.59624374999996,1561988891000,1239
492,203.58592592592592,1561988892000,1708
493,203.56413500000002,1561988893000,1504
494,203.59053076923075,1561988894000,711
495,203.57856363636364,1561988895000,8960
496,203.5864222222222,1561988896000,942
497,203.5856666666667,1561988897000,6472
498,203.59449999999998,1561988898000,703
499,203.55698939393955,1561988899000,5223
500,203.52336666666667,1561988900000,46
501,203.52774,1561988901000,225
502,203.54359210526326,1561988902000,2841
503,203.53501428571434,1561988903000,526
504,203.53899285714283,1561988904000,995
505,203.5491642857143,1561988905000,1228
506,203.5280625,1561988906000,591
507,203.57600000000002,1561988907000,792
508,203.57115294117645,1561988908000,1558
509,203.56006666666667,1561988909000,108
510,203.5383352941177,1561988910000,2258
511,203.54635000000002,1561988911000,204
512,203.53123928571426,1561988912000,1458
513,203.54398837209314,1561988913000,4645
514,203.54478181818178,1561988914000,2277
515,203.54194444444443,1561988915000,2326
516,203.53535,1561988916000,405
517,203.52750400000005,1561988917000,1898
518,203.50498378378376,1561988918000,2595
519,203.45135,1561988919000,323
520,203.45021428571428,1561988920000,417
521,203.4347304347826,1561988921000,1811
522,203.39237857142885,1561988922000,15713
523,203.39730468749974,1561988923000,8125
524,203.36676666666662,1561988924000,2969
525,203.35225,1561988925000,2153
526,203.3444736842105,1561988926000,1557
527,203.32171538461537,1561988927000,2904
528,203.33489655172414,1561988928000,2147
529,203.3176192307693,1561988929000,2217
530,203.30767068965534,1561988930000,6905
531,203.27458139534897,1561988931000,1941
532,203.26970000000006,1561988932000,2427
533,203.29873142857144,1561988933000,4046
534,203.2747,1561988934000,2680
535,203.25149268292682,1561988935000,3913
536,203.24339999999998,1561988936000,729
537,203.2588294117648,1561988937000,5300
538,203.26590769230768,1561988938000,928
539,203.28722222222228,1561988939000,1765
540,203.28795714285712,1561988940000,2005
541,203.290806451613,1561988941000,3274
542,203.31923076923073,1561988942000,602
543,203.3131636363636,1561988943000,693
544,203.30000909090907,1561988944000,386
545,203.28983055555548,1561988945000,3272
546,203.3095238095238,1561988946000,1610
547,203.3596863636364,1561988947000,1335
548,203.3980066666667,1561988948000,938
549,203.40278181818178,1561988949000,1094
550,203.3918947368421,1561988950000,1346
551,203.38581666666664,1561988951000,700
552,203.3780285714286,1561988952000,2017
553,203.35399999999998,1561988953000,600
554,203.3013222222222,1561988954000,620
555,203.35089047619044,1561988955000,1522
556,203.38573076923075,1561988956000,1033
557,203.40597999999994,1561988957000,3041
558,203.4222260869565,1561988958000,2170
559,203.353,1561988959000,558
560,203.4379125,1561988960000,1838
561,203.42219166666666,1561988961000,1850
562,203.41314285714287,1561988962000,951
563,203.42049473684213,1561988963000,1548
564,203.43041666666667,1561988964000,600
565,203.42583913043484,1561988965000,1207
566,203.39185600000005,1561988966000,3702
567,203.35103181818178,1561988967000,1032
568,203.349975,1561988968000,266
569,203.31287142857144,1561988969000,287
570,203.35408571428576,1561988970000,1477
571,203.38639687500006,1561988971000,2732
572,203.37928749999998,1561988972000,606
573,203.30374999999998,1561988973000,358
574,203.33591147540992,1561988974000,7427
575,203.3163590909091,1561988975000,2209
576,203.33937777777783,1561988976000,1405
577,203.33343999999997,1561988977000,1322
578,203.3380444444445,1561988978000,963
579,203.34110909090907,1561988979000,790
580,203.33306249999998,1561988980000,2217
581,203.33000999999996,1561988981000,1411
582,203.32034509803918,1561988982000,3419
583,203.30299999999997,1561988983000,361
584,203.28168095238092,1561988984000,2967
585,203.26097037037042,1561988985000,11780
586,203.24807,1561988986000,1371
587,203.25941052631583,1561988987000,1246
588,203.27954545454548,1561988988000,2272
589,203.29330000000002,1561988989000,772
590,203.30446923076926,1561988990000,1017
591,203.32183,1561988991000,1774
592,203.32166249999995,1561988992000,403
593,203.3070772727273,1561988993000,2247
594,203.2780315789475,1561988994000,3933
595,203.26628800000003,1561988995000,2466
596,203.2400437499999,1561988996000,2848
597,203.20518666666666,1561988997000,9191
598,203.2165666666666,1561988998000,1192
599,203.2145857142857,1561988999000,606
600,203.2299241379309,1561989000000,1278
601,203.2158846153846,1561989001000,835
602,203.2067888888889,1561989002000,1128
603,203.20193157894732,1561989003000,2952
604,203.1761,1561989004000,3209
605,203.17374999999998,1561989005000,104
606,203.18522166666665,1561989006000,5801
607,203.17824999999996,1561989007000,1891
608,203.10901666666675,1561989008000,7338
609,203.12363636363634,1561989009000,932
610,203.15903225806454,1561989010000,5708
611,203.17800000000003,1561989011000,400
612,203.16027179487173,1561989012000,3031
613,203.132575,1561989013000,1760
614,203.1288166666667,1561989014000,2672
615,203.14338,1561989015000,10364
616,203.14634999999998,1561989016000,200
617,203.15568484848484,1561989017000,2842
618,203.17266000000004,1561989018000,1086
619,203.13273750000002,1561989019000,4724
620,203.10074615384613,1561989020000,895
621,203.09809000000004,1561989021000,1032
622,203.08184838709678,1561989022000,2308
623,203.08586153846153,1561989023000,931
624,203.08308749999998,1561989024000,874
625,203.07805102040814,1561989025000,4564
626,203.06916249999998,1561989026000,369
627,203.0779629629629,1561989027000,2371
628,203.0802785714286,1561989028000,1765
629,203.06888947368424,1561989029000,1422
630,203.0655,1561989030000,225
631,203.06767777777776,1561989031000,489
632,203.06941515151513,1561989032000,2245
633,203.07014375,1561989033000,991
634,203.07922195121944,1561989034000,3134
635,203.09034782608694,1561989035000,3070
636,203.0811692307692,1561989036000,1016
637,203.07507499999997,1561989037000,860
638,203.07698,1561989038000,1177
639,203.0885447368422,1561989039000,2560
640,203.0972655172413,1561989040000,1387
641,203.1168295454546,1561989041000,3184
642,203.11555555555555,1561989042000,2650
643,203.13495,1561989043000,809
644,203.12277272727272,1561989044000,993
645,203.11919767441853,1561989045000,3021
646,203.10234,1561989046000,583
647,203.1149454545455,1561989047000,3075
648,203.11461538461538,1561989048000,858
649,203.12277777777786,1561989049000,2267
650,203.1372814814814,1561989050000,1196
651,203.13331,1561989051000,2767
652,203.13937499999997,1561989052000,1293
653,203.14064285714286,1561989053000,1675
654,203.14840000000004,1561989054000,443
655,203.1407263157894,1561989055000,1061
656,203.13463157894736,1561989056000,2450
657,203.12639999999993,1561989057000,3005
658,203.10864285714294,1561989058000,12205
659,203.07904999999997,1561989059000,913
660,203.09376249999997,1561989060000,1058
661,203.11,1561989061000,316
662,203.11008,1561989062000,883
663,203.11979166666666,1561989063000,1259
664,203.14760499999994,1561989064000,2949
665,203.11505000000002,1561989065000,2866
666,203.12567931034485,1561989066000,2311
667,203.15402033898292,1561989067000,5074
668,203.13577500000002,1561989068000,1040
669,203.1481147058823,1561989069000,2672
670,203.15406,1561989070000,91
671,203.17453157894735,1561989071000,1810
672,203.1833333333333,1561989072000,9
673,203.208841025641,1561989073000,12867
674,203.18109999999996,1561989074000,2511
675,203.2027611111111,1561989075000,959
676,203.19999999999996,1561989076000,1511
677,203.2013125,1561989077000,400
678,203.1978124999999,1561989078000,6240
679,203.2287,1561989079000,481
680,203.25100000000003,1561989080000,717
681,203.2564487804878,1561989081000,3075
682,203.25341999999998,1561989082000,346
683,203.28123333333332,1561989083000,2340
684,203.27248333333333,1561989084000,450
685,203.24752794117643,1561989085000,7036
686,203.2352567567567,1561989086000,4779
687,203.2313166666667,1561989087000,591
688,203.21943076923074,1561989088000,3474
689,203.2061,1561989089000,150
690,203.1818055555556,1561989090000,2520
691,203.19141428571427,1561989091000,1265
692,203.19773666666663,1561989092000,2311
693,203.20773499999999,1561989093000,1910
694,203.21410714285716,1561989094000,575
695,203.2000222222222,1561989095000,1083
696,203.20857142857145,1561989096000,708
697,203.18928571428572,1561989097000,680
698,203.1902,1561989098000,69
699,203.19429000000002,1561989099000,1563
700,203.1921,1561989100000,330
701,203.19901739130432,1561989101000,1633
702,203.1818846153846,1561989102000,2329
703,203.17754545454545,1561989103000,702
704,203.17,1561989104000,672
705,203.17235999999997,1561989105000,327
706,203.16084999999995,1561989106000,2114
707,203.1358083333333,1561989107000,2206
708,203.11708888888882,1561989108000,7373
709,203.1312133333334,1561989109000,758
710,203.1252857142857,1561989110000,1000
711,203.1396666666666,1561989111000,1276
712,203.14176666666663,1561989112000,1671
713,203.14376153846158,1561989113000,1010
714,203.15543000000002,1561989114000,1781
715,203.18788,1561989115000,641
716,203.18968750000002,1561989116000,1538
717,203.18486666666664,1561989117000,48
718,203.18725,1561989118000,52
719,203.17910769230775,1561989119000,4284
720,203.19348684210547,1561989120000,8959
721,203.22206799999992,1561989121000,1826
722,203.2457692307692,1561989122000,3871
723,203.24927241379314,1561989123000,6277
724,203.2466125,1561989124000,900
725,203.2457,1561989125000,455
726,203.24966842105263,1561989126000,1116
727,203.25146363636367,1561989127000,7671
728,203.27925714285715,1561989128000,233
729,203.29712432432447,1561989129000,4526
730,203.27737619047622,1561989130000,2022
731,203.2661111111112,1561989131000,1542
732,203.24411111111107,1561989132000,3367
733,203.24611111111113,1561989133000,1504
734,203.27587857142856,1561989134000,1592
735,203.2937625,1561989135000,606
736,203.29882500000002,1561989136000,330
737,203.29580625000003,1561989137000,948
738,203.30212352941177,1561989138000,1176
739,203.30742857142857,1561989139000,1020
740,203.30076666666665,1561989140000,1752
741,203.314175,1561989141000,2304
742,203.31066666666675,1561989142000,3702
743,203.2994214285714,1561989143000,900
744,203.29796250000004,1561989144000,2287
745,203.29545555555555,1561989145000,1957
746,203.28934634146336,1561989146000,2692
747,203.30667499999996,1561989147000,1544
748,203.31122727272725,1561989148000,530
749,203.3366580645162,1561989149000,2078
750,203.34944444444443,1561989150000,600
751,203.36206470588226,1561989151000,5568
752,203.36073333333334,1561989152000,207
753,203.35459090909092,1561989153000,1870
754,203.36286153846154,1561989154000,1926
755,203.41676666666663,1561989155000,872
756,203.37770000000003,1561989156000,2526
757,203.58496666666667,1561989157000,434
758,203.39600000000002,1561989158000,400
759,203.395,1561989159000,339
760,203.38916785714284,1561989160000,2932
761,203.3697142857143,1561989161000,495
762,203.37523333333334,1561989162000,1099
763,203.37100000000004,1561989163000,4068
764,203.37277142857138,1561989164000,1514
765,203.382,1561989165000,769
766,203.38001,1561989166000,554
767,203.38354838709685,1561989167000,3924
768,203.40300322580643,1561989168000,2471
769,203.4274,1561989169000,226
770,203.44454545454548,1561989170000,1060
771,203.45418571428567,1561989171000,4933
772,203.43482564102575,1561989172000,7373
773,203.41606862745095,1561989173000,8133
774,203.39834444444446,1561989174000,351
775,203.41604,1561989175000,591
776,203.42406,1561989176000,502
777,203.39749599999988,1561989177000,3753
778,203.37483333333333,1561989178000,420
779,203.39,1561989179000,26
780,203.3892857142857,1561989180000,517
781,203.3654629629629,1561989181000,3110
782,203.36123750000002,1561989182000,2120
783,203.35054666666665,1561989183000,820
784,203.34208333333333,1561989184000,1400
785,203.34697500000001,1561989185000,285
786,203.3605333333334,1561989186000,1453
787,203.39,1561989187000,201
788,203.383595,1561989188000,2735
789,203.3825,1561989189000,95
790,203.38171250000002,1561989190000,1582
791,203.377525,1561989191000,270
792,203.37625,1561989192000,309
793,203.37735714285714,1561989193000,641
794,203.36481481481476,1561989194000,2650
795,203.3467666666667,1561989195000,7
796,203.37145,1561989196000,4040
797,203.38196428571433,1561989197000,2595
798,203.38472777777778,1561989198000,1909
799,203.433,1561989199000,454
800,203.43318205128216,1561989200000,2860
801,203.4083333333333,1561989201000,455
802,203.3921333333333,1561989202000,170
803,203.40765624999997,1561989203000,442
804,203.4171125,1561989204000,546
805,203.42999999999998,1561989205000,140
806,203.42383125,1561989206000,1072
807,203.42428571428573,1561989207000,684
808,203.42568000000009,1561989208000,2158
809,203.43501923076914,1561989209000,1634
810,203.44785714285717,1561989210000,455
811,203.4705911764706,1561989211000,1648
812,203.46,1561989212000,5
813,203.45329999999998,1561989213000,76
814,203.46212500000001,1561989214000,1484
815,203.46086296296295,1561989215000,2611
816,203.4681888888889,1561989216000,689
817,203.4586052631579,1561989217000,7302
818,203.45433333333332,1561989218000,1432
819,203.42374285714286,1561989219000,3123
820,203.4502666666667,1561989220000,465
821,203.45800000000003,1561989221000,872
822,203.45898717948717,1561989222000,2836
823,203.4493777777778,1561989223000,701
824,203.44674499999996,1561989224000,2703
825,203.44597999999996,1561989225000,485
826,203.43448749999996,1561989226000,3594
827,203.40721428571428,1561989227000,526
828,203.41541666666672,1561989228000,972
829,203.43963333333332,1561989229000,1500
830,203.4219285714286,1561989230000,351
831,203.41646153846156,1561989231000,1804
832,203.425,1561989232000,100
833,203.35500000000002,1561989233000,501
834,203.43,1561989234000,9
835,203.43,1561989235000,106
836,203.4265,1561989236000,2134
837,203.44024117647064,1561989237000,934
838,203.44256000000001,1561989238000,145
839,203.4463363636364,1561989239000,816
840,203.4625628571429,1561989240000,2081
841,203.45968000000002,1561989241000,863
842,203.4586866666667,1561989242000,1055
843,203.44173877551003,1561989243000,4047
844,203.41373913043478,1561989244000,2687
845,203.38598888888893,1561989245000,496
846,203.3538666666667,1561989246000,1983
847,203.3227733333333,1561989247000,2320
848,203.3375035714286,1561989248000,1453
849,203.32934999999998,1561989249000,1246
850,203.3660647058824,1561989250000,1459
851,203.35185645161303,1561989251000,5131
852,203.31289756097573,1561989252000,3130
853,203.27336478873255,1561989253000,10881
854,203.27380666666667,1561989254000,1988
855,203.27555999999998,1561989255000,4063
856,203.27703000000002,1561989256000,4417
857,203.3013125,1561989257000,1200
858,203.32800000000003,1561989258000,253
859,203.33953636363637,1561989259000,1216
860,203.33562500000002,1561989260000,480
861,203.34084999999996,1561989261000,730
862,203.33970000000002,1561989262000,323
863,203.34852857142855,1561989263000,382
864,203.3515,1561989264000,200
865,203.3499,1561989265000,100
866,203.35005,1561989266000,160
867,203.34505000000001,1561989267000,26
868,203.36,1561989268000,100
869,203.36054000000007,1561989269000,1182
870,203.366,1561989270000,150
871,203.369,1561989271000,415
872,203.3744142857143,1561989272000,329
873,203.40996500000003,1561989273000,872
874,203.41778000000005,1561989274000,3052
875,203.41400666666667,1561989275000,1412
876,203.4136586956521,1561989276000,3419
877,203.40530000000007,1561989277000,1330
878,203.4006909090909,1561989278000,1227
879,203.405,1561989279000,233
880,203.40079999999998,1561989280000,1489
881,203.38833333333332,1561989281000,937
882,203.38916666666668,1561989282000,314
883,203.39205833333327,1561989283000,1857
884,203.39285714285714,1561989284000,600
885,203.39000000000001,1561989285000,600
886,203.38279000000003,1561989286000,1203
887,203.37375,1561989287000,400
888,203.3983666666666,1561989288000,1549
889,203.3945,1561989289000,41
890,203.38819999999998,1561989290000,133
891,203.38888888888883,1561989291000,805
892,203.38060909090916,1561989292000,1668
893,203.35351904761896,1561989293000,2949
894,203.3345,1561989294000,40
895,203.31560869565217,1561989295000,3271
896,203.31446249999996,1561989296000,499
897,203.32800000000003,1561989297000,343
898,203.3388666666667,1561989298000,335
899,203.34511666666666,1561989299000,57
900,203.34135666666666,1561989300000,2757
901,203.30544,1561989301000,65
902,203.29928571428573,1561989302000,1312
903,203.28699999999998,1561989303000,2827
904,203.28,1561989304000,251
905,203.2818,1561989305000,63
906,203.2787760000001,1561989306000,1917
907,203.27083333333334,1561989307000,366
908,203.26,1561989308000,100
909,203.26382999999998,1561989309000,876
910,203.27875833333334,1561989310000,16558
911,203.296,1561989311000,661
912,203.3342857142857,1561989312000,862
913,203.34070000000003,1561989313000,677
914,203.34450909090904,1561989314000,760
915,203.3355357142857,1561989315000,2096
916,203.3313,1561989316000,1
917,203.33407142857146,1561989317000,2364
918,203.3443,1561989318000,84
919,203.335475,1561989319000,250
920,203.3394625,1561989320000,248
921,203.34481818181814,1561989321000,755
922,203.34944444444454,1561989322000,2247
923,203.34375000000003,1561989323000,1382
924,203.336,1561989324000,20
925,203.33399285714282,1561989325000,1593
926,203.34024000000002,1561989326000,669
927,203.34866666666665,1561989327000,1129
928,203.33958333333328,1561989328000,419
929,203.33679999999998,1561989329000,76
930,203.34613333333337,1561989330000,1830
931,203.347,1561989331000,312
932,203.34980645161292,1561989332000,2016
933,203.35490000000001,1561989333000,210
934,203.3516666666666,1561989334000,779
935,203.34900000000005,1561989335000,690
936,203.3868259999999,1561989336000,3717
937,203.4007142857143,1561989337000,574
938,203.41260526315787,1561989338000,1483
939,203.40018000000003,1561989339000,1963
940,203.39144285714286,1561989340000,261
941,203.38482758620688,1561989341000,3075
942,203.3608836734695,1561989342000,4696
943,203.36193333333335,1561989343000,806
944,203.360825,1561989344000,1124
945,203.35922500000004,1561989345000,543
946,203.35995,1561989346000,167
947,203.37152000000003,1561989347000,2446
948,203.37428571428563,1561989348000,1719
949,203.3245161290323,1561989349000,2540
950,203.27723571428578,1561989350000,1049
951,203.2735157894737,1561989351000,928
952,203.27156,1561989352000,158
953,203.28044782608697,1561989353000,2048
954,203.28343333333336,1561989354000,249
955,203.27769230769232,1561989355000,866
956,203.27209166666668,1561989356000,1052
957,203.27705555555556,1561989357000,875
958,203.297925,1561989358000,706
959,203.3000857142857,1561989359000,277
960,203.2866666666666,1561989360000,3271
961,203.28690714285722,1561989361000,2561
962,203.31003333333334,1561989362000,102
963,203.30656000000002,1561989363000,1596
964,203.31479375,1561989364000,3481
965,203.30918000000003,1561989365000,362
966,203.30595294117646,1561989366000,1021
967,203.32583333333335,1561989367000,678
968,203.31740476190475,1561989368000,1366
969,203.29481363636367,1561989369000,6452
970,203.28,1561989370000,384
971,203.27116000000004,1561989371000,2876
972,203.25508059701502,1561989372000,6377
973,203.24477142857145,1561989373000,472
974,203.24443333333332,1561989374000,2750
975,203.2455666666667,1561989375000,329
976,203.23424999999997,1561989376000,218
977,203.22772916666668,1561989377000,1533
978,203.21785909090906,1561989378000,2560
979,203.23694062499996,1561989379000,2716
980,203.25584347826086,1561989380000,3917
981,203.24042,1561989381000,1076
982,203.25259,1561989382000,706
983,203.26,1561989383000,200
984,203.24244000000002,1561989384000,710
985,203.2500375,1561989385000,9380
986,203.25927222222228,1561989386000,6942
987,203.25555,1561989387000,330
988,203.26632857142855,1561989388000,1373
989,203.26670000000001,1561989389000,201
990,203.26695,1561989390000,133
991,203.26940400000007,1561989391000,2229
992,203.28772105263155,1561989392000,1518
993,203.28154999999998,1561989393000,608
994,203.27093571428577,1561989394000,1438
995,203.27385714285714,1561989395000,311
996,203.3016000000001,1561989396000,1378
997,203.27190000000004,1561989397000,9567
998,203.27928000000006,1561989398000,2782
999,203.27593333333334,1561989399000,75
1000,203.28665,1561989400000,2505
1001,203.29,1561989401000,390
1002,203.27783333333332,1561989402000,251
1003,203.27997142857149,1561989403000,1305
1004,203.28782999999999,1561989404000,690
1005,203.2892625,1561989405000,361
1006,203.29300000000003,1561989406000,1143
1007,203.30078461538463,1561989407000,1504
1008,203.29576923076925,1561989408000,1037
1009,203.29057999999998,1561989409000,2799
1010,203.29323333333332,1561989410000,63
1011,203.27822608695655,1561989411000,1554
1012,203.28003043478265,1561989412000,1549
1013,203.28026279069766,1561989413000,5565
1014,203.2691875,1561989414000,739
1015,203.27945,1561989415000,30
1016,203.28,1561989416000,35
1017,203.27281538461557,1561989417000,6758
1018,203.2755142857143,1561989418000,2293
1019,203.2608522222222,1561989419000,9868
1020,203.21440769230773,1561989420000,4798
1021,203.216525,1561989421000,34
1022,203.22601111111112,1561989422000,2646
1023,203.2223,1561989423000,200
1024,203.2197,1561989424000,11
1025,203.23761,1561989425000,1185
1026,203.25222222222223,1561989426000,795
1027,203.27,1561989427000,201
1028,203.27406000000002,1561989428000,644
1029,203.27461666666667,1561989429000,1495
1030,203.28055555555557,1561989430000,683
1031,203.29142857142855,1561989431000,467
1032,203.29849565217398,1561989432000,3533
1033,203.2982857142857,1561989433000,1801
1034,203.29857142857142,1561989434000,620
1035,203.30503333333334,1561989435000,268
1036,203.319325,1561989436000,183
1037,203.30822222222218,1561989437000,676
1038,203.2926052631581,1561989438000,7073
1039,203.26885000000001,1561989439000,613
1040,203.26084285714282,1561989440000,340
1041,203.24,1561989441000,50
1042,203.2498,1561989442000,100
1043,203.26,1561989443000,1
1044,203.27955384615387,1561989444000,588
1045,203.3006,1561989445000,191
1046,203.3,1561989446000,25
1047,203.30145,1561989447000,137
1048,203.2946857142857,1561989448000,980
1049,203.30598,1561989449000,229
1050,203.3085,1561989450000,25
1051,203.29335833333332,1561989451000,967
1052,203.3090909090909,1561989452000,1536
1053,203.31341666666665,1561989453000,394
1054,203.315,1561989454000,160
1055,203.33519230769232,1561989455000,3980
1056,203.3337333333333,1561989456000,69
1057,203.35465833333316,1561989457000,4709
1058,203.3643833333333,1561989458000,629
1059,203.36649999999997,1561989459000,6812
1060,203.3432206896551,1561989460000,3044
1061,203.30727931034494,1561989461000,2377
1062,203.31508333333332,1561989462000,168
1063,203.324925,1561989463000,823
1064,203.34056874999996,1561989464000,1082
1065,203.34971999999996,1561989465000,476
1066,203.35631875,1561989466000,1836
1067,203.37872222222228,1561989467000,996
1068,203.39485517241374,1561989468000,4946
1069,203.3995675,1561989469000,3459
1070,203.37794285714287,1561989470000,564
1071,203.39499999999998,1561989471000,150
1072,203.40005000000002,1561989472000,101
1073,203.40425000000002,1561989473000,518
1074,203.39602142857143,1561989474000,869
1075,203.38,1561989475000,9
1076,203.37,1561989476000,1
1077,203.36629,1561989477000,1624
1078,203.3814791666667,1561989478000,2155
1079,203.37833333333333,1561989479000,326
1080,203.37303333333332,1561989480000,297
1081,203.36666666666667,1561989481000,109
1082,203.37625000000003,1561989482000,738
1083,203.3803333333333,1561989483000,151
1084,203.3926529411765,1561989484000,957
1085,203.41060833333336,1561989485000,2549
1086,203.41585294117647,1561989486000,2205
1087,203.42178333333334,1561989487000,889
1088,203.41354242424237,1561989488000,2500
1089,203.42624473684208,1561989489000,2481
1090,203.43313333333336,1561989490000,1734
1091,203.4457959999999,1561989491000,1980
1092,203.44905,1561989492000,566
1093,203.44242500000004,1561989493000,239
1094,203.43778181818186,1561989494000,499
1095,203.43455714285716,1561989495000,163
1096,203.43613333333334,1561989496000,2222
1097,203.431,1561989497000,1166
1098,203.4430090909091,1561989498000,625
1099,203.45224000000005,1561989499000,3461
1100,203.4321357142857,1561989500000,786
1101,203.3920886075949,1561989501000,7688
1102,203.40122000000002,1561989502000,555
1103,203.41446363636362,1561989503000,1370
1104,203.42925000000002,1561989504000,200
1105,203.42335,1561989505000,60
1106,203.43435,1561989506000,302
1107,203.44091538461538,1561989507000,1444
1108,203.45183333333333,1561989508000,1937
1109,203.445,1561989509000,500
1110,203.45955333333333,1561989510000,903
1111,203.4548842105263,1561989511000,2347
1112,203.46021315789474,1561989512000,4089
1113,203.45325869565215,1561989513000,3391
1114,203.44924999999998,1561989514000,137
1115,203.45567142857143,1561989515000,1700
1116,203.4525,1561989516000,355
1117,203.45,1561989517000,20
1118,203.46651515151515,1561989518000,3394
1119,203.48056538461518,1561989519000,6514
1120,203.50132357723552,1561989520000,12588
1121,203.5421622222223,1561989521000,6157
1122,203.56061874999997,1561989522000,1248
1123,203.53042343750013,1561989523000,12757
1124,203.54838387096785,1561989524000,2656
1125,203.57806363636362,1561989525000,1186
1126,203.58481818181818,1561989526000,1819
1127,203.61437454545444,1561989527000,5386
1128,203.64149189189195,1561989528000,4171
1129,203.6662952380952,1561989529000,4747
1130,203.67144545454542,1561989530000,1137
1131,203.68644,1561989531000,4962
1132,203.68860789473672,1561989532000,6227
1133,203.68153846153854,1561989533000,7499
1134,203.65578888888902,1561989534000,3420
1135,203.6313043478261,1561989535000,1448
1136,203.61381304347833,1561989536000,2040
1137,203.60333333333335,1561989537000,905
1138,203.59716999999998,1561989538000,1049
1139,203.59877500000002,1561989539000,201
1140,203.57893478260868,1561989540000,2021
1141,203.594,1561989541000,1406
1142,203.58322727272727,1561989542000,1563
1143,203.6003388888888,1561989543000,1755
1144,203.60535000000002,1561989544000,1625
1145,203.64,1561989545000,200
1146,203.66042941176474,1561989546000,1485
1147,203.7032575757576,1561989547000,3348
1148,203.70663703703707,1561989548000,10020
1149,203.72043333333332,1561989549000,8237
1150,203.73,1561989550000,100
1151,203.723525,1561989551000,329
1152,203.71859444444442,1561989552000,3641
1153,203.7154,1561989553000,1442
1154,203.72611111111107,1561989554000,1235
1155,203.73636,1561989555000,3136
1156,203.7309857142857,1561989556000,773
1157,203.73236666666665,1561989557000,173
1158,203.73392857142858,1561989558000,472
1159,203.72443636363636,1561989559000,8242
1160,203.72258181818185,1561989560000,573
1161,203.70827142857144,1561989561000,4066
1162,203.6769555555556,1561989562000,905
1163,203.65215217391304,1561989563000,4506
1164,203.63039655172403,1561989564000,2978
1165,203.6205666666666,1561989565000,1976
1166,203.61055999999996,1561989566000,2243
1167,203.625,1561989567000,112
1168,203.61799999999997,1561989568000,250
1169,203.617,1561989569000,25
1170,203.623,1561989570000,25
1171,203.60845625000002,1561989571000,1214
1172,203.58171818181816,1561989572000,960
1173,203.5805,1561989573000,486
1174,203.5744307692308,1561989574000,2450
1175,203.56355000000002,1561989575000,922
1176,203.54987647058826,1561989576000,1046
1177,203.54798,1561989577000,1363
1178,203.511117948718,1561989578000,10130
1179,203.49833333333333,1561989579000,300
1180,203.50028571428575,1561989580000,1147
1181,203.498275,1561989581000,131
1182,203.50604166666668,1561989582000,533
1183,203.51295,1561989583000,250
1184,203.51666666666665,1561989584000,411
1185,203.53653846153844,1561989585000,815
1186,203.5683333333333,1561989586000,1443
1187,203.56027500000002,1561989587000,113
1188,203.56224390243906,1561989588000,3772
1189,203.41235643939407,1561989589000,36146
1190,203.34,1561989590000,197
1191,203.36666666666667,1561989591000,142
1192,203.33377391304364,1561989592000,8814
1193,203.37160555555556,1561989593000,1620
1194,203.43752307692304,1561989594000,935
1195,203.41375714285712,1561989595000,229
1196,203.38814745762713,1561989596000,4580
1197,203.436375,1561989597000,955
1198,203.48599999999996,1561989598000,1265
1199,203.4506183673469,1561989599000,3440
1200,203.56717777777783,1561989600000,14631
1201,203.61986153846152,1561989601000,1695
1202,203.64122500000002,1561989602000,651
1203,203.65267307692315,1561989603000,2674
1204,203.6233785714285,1561989604000,1070
1205,203.6269,1561989605000,2421
1206,203.66439285714287,1561989606000,444
1207,203.68823529411762,1561989607000,1414
1208,203.69151428571428,1561989608000,510
1209,203.6615291666666,1561989609000,3877
1210,203.65104166666666,1561989610000,2400
1211,203.58376595744687,1561989611000,4267
1212,203.59138571428574,1561989612000,2326
1213,203.59269999999998,1561989613000,610
1214,203.61616999999995,1561989614000,812
1215,203.63566153846153,1561989615000,1127
1216,203.6397523809524,1561989616000,2117
1217,203.66223333333335,1561989617000,75
1218,203.66602500000002,1561989618000,937
1219,203.6572,1561989619000,346
1220,203.65580909090906,1561989620000,5527
1221,203.6418,1561989621000,4200
1222,203.63983749999994,1561989622000,3150
1223,203.63753333333335,1561989623000,3466
1224,203.65823749999998,1561989624000,2295
1225,203.64693333333332,1561989625000,132
1226,203.60600000000002,1561989626000,2295
1227,203.5685333333333,1561989627000,510
1228,203.55563333333333,1561989628000,2145
1229,203.533925,1561989629000,208
1230,203.5310125,1561989630000,506
1231,203.5181279069767,1561989631000,4628
1232,203.50310769230768,1561989632000,807
1233,203.48184999999995,1561989633000,2470
1234,203.45304545454547,1561989634000,1227
1235,203.46377999999999,1561989635000,334
1236,203.49125,1561989636000,515
1237,203.485,1561989637000,497
1238,203.4883,1561989638000,185
1239,203.45958333333337,1561989639000,1451
1240,203.4668999999999,1561989640000,1653
1241,203.48731999999995,1561989641000,2824
1242,203.5016666666667,1561989642000,1031
1243,203.5036,1561989643000,2820
1244,203.50339999999997,1561989644000,32
1245,203.4914647058823,1561989645000,1709
1246,203.480975,1561989646000,659
1247,203.4734,1561989647000,200
1248,203.49591111111113,1561989648000,901
1249,203.516275,1561989649000,220
1250,203.44522727272724,1561989650000,3688
1251,203.45832941176468,1561989651000,1227
1252,203.4975,1561989652000,320
1253,203.5075,1561989653000,310
1254,203.50427777777776,1561989654000,1035
1255,203.50814285714287,1561989655000,308
1256,203.4978125,1561989656000,1234
1257,203.51142857142855,1561989657000,346
1258,203.52727272727273,1561989658000,1621
1259,203.47311111111108,1561989659000,1591
1260,203.51950000000002,1561989660000,631
1261,203.50864545454544,1561989661000,986
1262,203.52444444444453,1561989662000,1353
1263,203.54326363636363,1561989663000,696
1264,203.53910000000002,1561989664000,314
1265,203.54247254901972,1561989665000,5248
1266,203.52523809523814,1561989666000,1244
1267,203.53599999999997,1561989667000,437
1268,203.545616,1561989668000,2799
1269,203.58506833333337,1561989669000,54693
1270,203.60560540540553,1561989670000,3913
1271,203.57806756756747,1561989671000,6809
1272,203.5839263157895,1561989672000,1113
1273,203.59277500000002,1561989673000,276
1274,203.61542222222226,1561989674000,1255
1275,203.61533333333333,1561989675000,50
1276,203.62965714285716,1561989676000,1710
1277,203.62355909090908,1561989677000,2519
1278,203.6466888888889,1561989678000,1148
1279,203.65902857142856,1561989679000,333
1280,203.67092857142862,1561989680000,5420
1281,203.68565454545453,1561989681000,1920
1282,203.72267586206883,1561989682000,8084
1283,203.73245,1561989683000,500
1284,203.73841739130432,1561989684000,1863
1285,203.73215000000002,1561989685000,770
1286,203.72506,1561989686000,955
1287,203.70839999999995,1561989687000,1758
1288,203.6511866666667,1561989688000,2041
1289,203.68271818181822,1561989689000,649
1290,203.667116,1561989690000,2856
1291,203.6223040816327,1561989691000,4215
1292,203.60024090909093,1561989692000,2458
1293,203.62317500000006,1561989693000,338
1294,203.625,1561989694000,787
1295,203.60999999999999,1561989695000,446
1296,203.607525,1561989696000,106
1297,203.62242857142857,1561989697000,273
1298,203.6391666666666,1561989698000,810
1299,203.65845714285712,1561989699000,1362
1300,203.6801076923077,1561989700000,1257
1301,203.66875,1561989701000,1818
1302,203.66461,1561989702000,492
1303,203.68,1561989703000,1001
1304,203.69461538461536,1561989704000,836
1305,203.68834166666667,1561989705000,638
1306,203.69164,1561989706000,687
1307,203.67918666666662,1561989707000,7999
1308,203.68460784313737,1561989708000,6369
1309,203.72078000000002,1561989709000,1330
1310,203.7177888888889,1561989710000,729
1311,203.72287777777777,1561989711000,1375
1312,203.70111666666654,1561989712000,3985
1313,203.69519655172414,1561989713000,3804
1314,203.68768,1561989714000,379
1315,203.68223333333336,1561989715000,871
1316,203.68238805970174,1561989716000,7568
1317,203.71385,1561989717000,807
1318,203.71513750000003,1561989718000,399
1319,203.7329999999999,1561989719000,2507
1320,203.72555454545454,1561989720000,305
1321,203.75242888888894,1561989721000,5471
1322,203.7814375000001,1561989722000,5072
1323,203.8019062500001,1561989723000,4209
1324,203.78508888888894,1561989724000,1577
1325,203.813645,1561989725000,2145
1326,203.84837346938775,1561989726000,13117
1327,203.85042857142858,1561989727000,324
1328,203.810225,1561989728000,554
1329,203.86128571428574,1561989729000,2249
1330,203.86771,1561989730000,2453
1331,203.86048734177217,1561989731000,6284
1332,203.83391666666662,1561989732000,3124
1333,203.80044821428586,1561989733000,5929
1334,203.789175,1561989734000,246
1335,203.78900909090908,1561989735000,894
1336,203.75533333333334,1561989736000,1362
1337,203.76333846153847,1561989737000,1279
1338,203.7871,1561989738000,1209
1339,203.79887777777776,1561989739000,621
1340,203.8449642857143,1561989740000,953
1341,203.8427125,1561989741000,501
1342,203.834325,1561989742000,5205
1343,203.8395,1561989743000,139
1344,203.8419,1561989744000,410
1345,203.83102272727277,1561989745000,4104
1346,203.86154583333328,1561989746000,3467
1347,203.88329999999996,1561989747000,588
1348,203.87487142857142,1561989748000,434
1349,203.88579411764704,1561989749000,3242
1350,203.896845,1561989750000,2056
1351,203.88040714285717,1561989751000,1378
1352,203.854175,1561989752000,701
1353,203.84640000000005,1561989753000,3918
1354,203.88493999999997,1561989754000,206
1355,203.8882466666667,1561989755000,593
1356,203.88392258064522,1561989756000,3511
1357,203.90215172413792,1561989757000,1994
1358,203.9151758620689,1561989758000,1839
1359,203.9114,1561989759000,2073
1360,203.9041,1561989760000,47
1361,203.89914838709674,1561989761000,2645
1362,203.86179459459467,1561989762000,2597
1363,203.83614999999998,1561989763000,708
1364,203.83308333333335,1561989764000,1625
1365,203.8543714285714,1561989765000,685
1366,203.8617125,1561989766000,734
1367,203.8735,1561989767000,477
1368,203.90592592592586,1561989768000,2736
1369,203.9177888888889,1561989769000,661
1370,203.9088111111111,1561989770000,560
1371,203.89107222222222,1561989771000,2496
1372,203.88137272727275,1561989772000,807
1373,203.88335714285714,1561989773000,1244
1374,203.8688909090909,1561989774000,1035
1375,203.84274375,1561989775000,1502
1376,203.83575000000002,1561989776000,18
1377,203.784975,1561989777000,342
1378,203.8461111111111,1561989778000,1733
1379,203.87176666666662,1561989779000,1090
1380,203.86631428571428,1561989780000,674
1381,203.87,1561989781000,100
1382,203.89104800000007,1561989782000,4298
1383,203.91333333333333,1561989783000,111
1384,203.90356428571425,1561989784000,789
1385,203.90845384615386,1561989785000,1926
1386,203.90736666666666,1561989786000,1063
1387,203.91575,1561989787000,420
1388,203.92613124999997,1561989788000,1166
1389,203.946858490566,1561989789000,5569
1390,203.9649111111111,1561989790000,3600
1391,203.94486153846154,1561989791000,1267
1392,203.9227,1561989792000,10
1393,203.9391666666667,1561989793000,910
1394,203.9798076923075,1561989794000,7553
1395,203.96496153846158,1561989795000,1059
1396,203.9638851851852,1561989796000,1752
1397,203.95962500000002,1561989797000,601
1398,203.95856250000003,1561989798000,418
1399,203.95342352941185,1561989799000,4754
1400,203.9334,1561989800000,54
1401,203.942625,1561989801000,1395
1402,203.96004444444446,1561989802000,761
1403,203.95340833333333,1561989803000,2470
1404,203.95499999999998,1561989804000,300
1405,203.9398043478261,1561989805000,1134
1406,203.93357142857144,1561989806000,943
1407,203.94688749999995,1561989807000,921
1408,203.93111111111114,1561989808000,562
1409,203.92540508474585,1561989809000,3703
1410,203.90653846153847,1561989810000,860
1411,203.90750833333334,1561989811000,945
1412,203.92,1561989812000,1
1413,203.89937894736846,1561989813000,1253
1414,203.87979,1561989814000,1930
1415,203.86719230769233,1561989815000,792
1416,203.85700810810815,1561989816000,5365
1417,203.83975555555557,1561989817000,625
1418,203.84584999999996,1561989818000,1256
1419,203.8627777777778,1561989819000,1299
1420,203.86166250000002,1561989820000,690
1421,203.8474210526316,1561989821000,1245
1422,203.83272000000002,1561989822000,279
1423,203.84,1561989823000,751
1424,203.86003333333335,1561989824000,288
1425,203.86,1561989825000,3
1426,203.87499999999997,1561989826000,949
1427,203.88666666666663,1561989827000,450
1428,203.88301111111116,1561989828000,1472
1429,203.8824,1561989829000,427
1430,203.875,1561989830000,40
1431,203.88513999999992,1561989831000,1496
1432,203.88875,1561989832000,306
1433,203.891625,1561989833000,427
1434,203.89175,1561989834000,386
1435,203.89,1561989835000,104
1436,203.89757272727275,1561989836000,1867
1437,203.8975,1561989837000,106
1438,203.89722,1561989838000,357
1439,203.89863000000003,1561989839000,2000
1440,203.88914634146352,1561989840000,3067
1441,203.91777727272736,1561989841000,3240
1442,203.93966666666668,1561989842000,699
1443,203.93084285714286,1561989843000,172
1444,203.94142727272728,1561989844000,959
1445,203.94086666666666,1561989845000,99
1446,203.92871276595747,1561989846000,4121
1447,203.91208333333336,1561989847000,1247
1448,203.912975,1561989848000,145
1449,203.91250000000002,1561989849000,683
1450,203.90845000000004,1561989850000,652
1451,203.91439999999997,1561989851000,270
1452,203.92490909090913,1561989852000,547
1453,203.93955555555556,1561989853000,989
1454,203.94910000000002,1561989854000,1422
1455,203.94799000000003,1561989855000,909
1456,203.94979473684208,1561989856000,1191
1457,203.94999999999996,1561989857000,460
1458,203.95464,1561989858000,836
1459,203.95233333333337,1561989859000,736
1460,203.94638205128192,1561989860000,2881
1461,203.9351,1561989861000,103
1462,203.93829999999997,1561989862000,368
1463,203.9421,1561989863000,50
1464,203.93536,1561989864000,450
1465,203.9308714285714,1561989865000,3437
1466,203.91742500000004,1561989866000,387
1467,203.91515714285714,1561989867000,523
1468,203.9541666666667,1561989868000,947
1469,203.98026666666664,1561989869000,402
1470,203.9825888888889,1561989870000,1727
1471,203.94809047619037,1561989871000,15499
1472,203.91909090909093,1561989872000,750
1473,203.91447058823528,1561989873000,1007
1474,203.90016666666668,1561989874000,647
1475,203.89,1561989875000,4
1476,203.89997499999998,1561989876000,2306
1477,203.90598,1561989877000,417
1478,203.92069999999998,1561989878000,176
1479,203.91732499999998,1561989879000,811
1480,203.91981666666666,1561989880000,77
1481,203.9194,1561989881000,863
1482,203.9259857142857,1561989882000,416
1483,203.92546666666667,1561989883000,700
1484,203.92760000000004,1561989884000,180
1485,203.94935588235288,1561989885000,3027
1486,203.94344999999998,1561989886000,140
1487,203.97142857142856,1561989887000,1421
1488,203.9790909090909,1561989888000,715
1489,203.9807,1561989889000,25
1490,203.97728333333308,1561989890000,6588
1491,203.96975714285713,1561989891000,432
1492,203.96505000000002,1561989892000,26
1493,203.9498039215686,1561989893000,4918
1494,203.9336913043478,1561989894000,1730
1495,203.92645882352946,1561989895000,1188
1496,203.9487916666667,1561989896000,1781
1497,203.94602666666665,1561989897000,842
1498,203.93602037037041,1561989898000,4366
1499,203.92529374999995,1561989899000,4879
1500,203.90554999999998,1561989900000,308
1501,203.90053111111104,1561989901000,3803
1502,203.89558571428574,1561989902000,913
1503,203.8846724137932,1561989903000,1688
1504,203.86417777777783,1561989904000,2092
1505,203.85563953488372,1561989905000,3248
1506,203.8508043478261,1561989906000,2017
1507,203.84616363636368,1561989907000,2709
1508,203.83746363636365,1561989908000,1438
1509,203.84795999999994,1561989909000,2701
1510,203.864,1561989910000,151
1511,203.88000000000002,1561989911000,860
1512,203.88,1561989912000,504
1513,203.88874999999996,1561989913000,999
1514,203.88999999999996,1561989914000,990
1515,203.89016249999997,1561989915000,847
1516,203.88481000000004,1561989916000,1127
1517,203.8847931034483,1561989917000,2513
1518,203.8969666666666,1561989918000,1846
1519,203.91091666666668,1561989919000,400
1520,203.89793030303028,1561989920000,2926
1521,203.92056666666667,1561989921000,40
1522,203.91990833333332,1561989922000,555
1523,203.9089846153846,1561989923000,738
1524,203.9,1561989924000,6
1525,203.90370000000001,1561989925000,111
1526,203.91199999999998,1561989926000,458
1527,203.91,1561989927000,25
1528,203.91863636363635,1561989928000,636
1529,203.91332162162155,1561989929000,1752
1530,203.9199,1561989930000,200
1531,203.9056,1561989931000,400
1532,203.91097500000004,1561989932000,819
1533,203.91217999999998,1561989933000,180
1534,203.91049999999998,1561989934000,1093
1535,203.91003750000002,1561989935000,934
1536,203.919303030303,1561989936000,2780
1537,203.8973521739131,1561989937000,2070
1538,203.87049499999995,1561989938000,1481
1539,203.87951428571432,1561989939000,1452
1540,203.875525,1561989940000,305
1541,203.89134285714286,1561989941000,610
1542,203.87354634146337,1561989942000,5248
1543,203.87732499999998,1561989943000,130
1544,203.8973,1561989944000,300
1545,203.9055,1561989945000,10
1546,203.91173478260865,1561989946000,1418
1547,203.90302222222223,1561989947000,500
1548,203.90333333333334,1561989948000,217
1549,203.90040000000002,1561989949000,743
1550,203.90167142857146,1561989950000,637
1551,203.89514999999997,1561989951000,373
1552,203.9131,1561989952000,415
1553,203.89151176470583,1561989953000,1450
1554,203.89274285714288,1561989954000,341
1555,203.88875,1561989955000,230
1556,203.89523636363637,1561989956000,2015
1557,203.90850769230767,1561989957000,4099
1558,203.915,1561989958000,119
1559,203.91001666666668,1561989959000,1024
1560,203.91,1561989960000,120
1561,203.91459999999998,1561989961000,201
1562,203.92879090909094,1561989962000,755
1563,203.92750833333335,1561989963000,377
1564,203.92811428571434,1561989964000,329
1565,203.91440882352936,1561989965000,2931
1566,203.88719090909083,1561989966000,1489
1567,203.88618000000002,1561989967000,29
1568,203.8876350877193,1561989968000,5444
1569,203.9168625,1561989969000,150
1570,203.91695,1561989970000,2714
1571,203.91701,1561989971000,707
1572,203.90385714285716,1561989972000,1511
1573,203.88367999999997,1561989973000,360
1574,203.90495384615386,1561989974000,1371
1575,203.91750000000005,1561989975000,2936
1576,203.90835,1561989976000,1736
1577,203.90683333333334,1561989977000,747
1578,203.89967843137245,1561989978000,4969
1579,203.88790000000003,1561989979000,850
1580,203.8704761904762,1561989980000,2003
1581,203.86048571428572,1561989981000,1700
1582,203.871,1561989982000,2301
1583,203.88619999999997,1561989983000,581
1584,203.89184999999998,1561989984000,157
1585,203.89497500000002,1561989985000,838
1586,203.89848947368426,1561989986000,2139
1587,203.90159545454551,1561989987000,2524
1588,203.9,1561989988000,201
1589,203.901525,1561989989000,1128
1590,203.90291666666667,1561989990000,266
1591,203.90501666666668,1561989991000,375
1592,203.90955,1561989992000,323
1593,203.91684090909095,1561989993000,2377
1594,203.9335730158731,1561989994000,5295
1595,203.94918484848478,1561989995000,4381
1596,203.964219047619,1561989996000,2463
1597,203.9683,1561989997000,600
1598,203.9558333333333,1561989998000,4362
1599,203.9419,1561989999000,45
1600,203.93481666666665,1561990000000,2470
1601,203.92967000000002,1561990001000,1618
1602,203.93682727272727,1561990002000,1933
1603,203.93166666666664,1561990003000,1709
1604,203.92026315789477,1561990004000,1916
1605,203.91672352941177,1561990005000,1103
1606,203.91925555555557,1561990006000,979
1607,203.91235,1561990007000,375
1608,203.91902666666664,1561990008000,1517
1609,203.9144,1561990009000,2240
1610,203.90509999999995,1561990010000,4115
1611,203.89495,1561990011000,62
1612,203.90333333333334,1561990012000,847
1613,203.90036,1561990013000,620
1614,203.90742105263152,1561990014000,1328
1615,203.9227272727273,1561990015000,992
1616,203.92960909090908,1561990016000,890
1617,203.9232,1561990017000,8
1618,203.92203684210529,1561990018000,1539
1619,203.90851428571432,1561990019000,681
1620,203.90122777777782,1561990020000,982
1621,203.8757055555554,1561990021000,2151
1622,203.87828,1561990022000,800
1623,203.89412000000002,1561990023000,875
1624,203.88317142857142,1561990024000,3239
1625,203.87436666666665,1561990025000,562
1626,203.88273333333336,1561990026000,1010
1627,203.872075,1561990027000,146
1628,203.86955945945948,1561990028000,2010
1629,203.87272727272727,1561990029000,1237
1630,203.88717272727274,1561990030000,593
1631,203.87969333333334,1561990031000,1637
1632,203.88612222222224,1561990032000,686
1633,203.8832,1561990033000,251
1634,203.89643200000006,1561990034000,2331
1635,203.88282608695658,1561990035000,1871
1636,203.8789875,1561990036000,321
1637,203.87033333333332,1561990037000,230
1638,203.870048275862,1561990038000,1870
1639,203.8653,1561990039000,150
1640,203.86198604651165,1561990040000,4278
1641,203.85580000000002,1561990041000,353
1642,203.84999166666663,1561990042000,620
1643,203.85443333333333,1561990043000,73
1644,203.8552714285714,1561990044000,1238
1645,203.863,1561990045000,984
1646,203.85762727272729,1561990046000,749
1647,203.8425428571429,1561990047000,8279
1648,203.82,1561990048000,400
1649,203.82386666666665,1561990049000,5154
1650,203.82517499999997,1561990050000,639
1651,203.80658750000006,1561990051000,7573
1652,203.7945516129032,1561990052000,7532
1653,203.78825000000003,1561990053000,2107
1654,203.77,1561990054000,470
1655,203.78326562499996,1561990055000,2906
1656,203.78000000000003,1561990056000,824
1657,203.78065238095238,1561990057000,5939
1658,203.798,1561990058000,1401
1659,203.8,1561990059000,33
1660,203.79473333333337,1561990060000,1313
1661,203.81790645161288,1561990061000,2444
1662,203.83920769230767,1561990062000,1121
1663,203.87154230769232,1561990063000,1920
1664,203.84953124999998,1561990064000,2695
1665,203.82066249999997,1561990065000,1988
1666,203.82821276595735,1561990066000,6212
1667,203.8276636363636,1561990067000,2364
1668,203.81749999999997,1561990068000,642
1669,203.81888333333333,1561990069000,658
1670,203.83318181818183,1561990070000,948
1671,203.82969999999997,1561990071000,604
1672,203.830175,1561990072000,861
1673,203.83083333333332,1561990073000,870
1674,203.83,1561990074000,10
1675,203.8296,1561990075000,1702
1676,203.82899999999998,1561990076000,923
1677,203.8203605263157,1561990077000,4148
1678,203.81230588235306,1561990078000,2271
1679,203.80948181818178,1561990079000,922
1680,203.80205862068973,1561990080000,1830
1681,203.79175238095237,1561990081000,2947
1682,203.8238333333333,1561990082000,1751
1683,203.8311875,1561990083000,1001
1684,203.80706315789476,1561990084000,1921
1685,203.78866666666664,1561990085000,1092
1686,203.7856,1561990086000,125
1687,203.7934642857143,1561990087000,1064
1688,203.80659999999997,1561990088000,662
1689,203.80691052631585,1561990089000,814
1690,203.80038000000008,1561990090000,1441
1691,203.7883,1561990091000,361
1692,203.7903,1561990092000,500
1693,203.79422499999998,1561990093000,208
1694,203.79,1561990094000,835
1695,203.7665452830189,1561990095000,8716
1696,203.75034000000005,1561990096000,1936
1697,203.7263028571427,1561990097000,17810
1698,203.71166666666667,1561990098000,155
1699,203.7125454545455,1561990099000,1922
1700,203.6817699115047,1561990100000,9691
1701,203.6436446808509,1561990101000,3961
1702,203.6102303030304,1561990102000,3265
1703,203.63000000000002,1561990103000,537
1704,203.666035,1561990104000,1151
1705,203.68251666666671,1561990105000,284
1706,203.67500000000004,1561990106000,105
1707,203.6784,1561990107000,40
1708,203.66833333333332,1561990108000,690
1709,203.66570000000002,1561990109000,220
1710,203.65972222222223,1561990110000,1195
1711,203.655,1561990111000,245
1712,203.65574999999998,1561990112000,700
1713,203.65215999999998,1561990113000,650
1714,203.64677600000007,1561990114000,5401
1715,203.64622500000002,1561990115000,581
1716,203.64878787878783,1561990116000,2881
1717,203.64249999999998,1561990117000,447
1718,203.61364705882346,1561990118000,1958
1719,203.58250476190474,1561990119000,1973
1720,203.56564999999995,1561990120000,7730
1721,203.54159411764726,1561990121000,6717
1722,203.5274424242426,1561990122000,2436
1723,203.5215,1561990123000,550
1724,203.52448064516128,1561990124000,2093
1725,203.52823333333333,1561990125000,700
1726,203.52966666666669,1561990126000,1217
1727,203.5494000000001,1561990127000,7339
1728,203.56125,1561990128000,1291
1729,203.57898333333333,1561990129000,2170
1730,203.5667777777778,1561990130000,1402
1731,203.56,1561990131000,163
1732,203.57427142857142,1561990132000,344
1733,203.5728357142857,1561990133000,1116
1734,203.557025,1561990134000,307
1735,203.53377551020418,1561990135000,3696
1736,203.54132222222222,1561990136000,542
1737,203.54820769230767,1561990137000,673
1738,203.57394666666661,1561990138000,2277
1739,203.5707571428571,1561990139000,358
1740,203.55739545454546,1561990140000,2673
1741,203.56451428571427,1561990141000,705
1742,203.5623,1561990142000,20
1743,203.5636409090911,1561990143000,3909
1744,203.5456333333333,1561990144000,275
1745,203.5553,1561990145000,300
1746,203.54566666666662,1561990146000,1809
1747,203.5569181818182,1561990147000,726
1748,203.5666857142857,1561990148000,373
1749,203.56858947368423,1561990149000,1634
1750,203.5541176470589,1561990150000,1019
1751,203.54279166666666,1561990151000,843
1752,203.55849999999998,1561990152000,1700
1753,203.56030000000004,1561990153000,616
1754,203.57706249999998,1561990154000,752
1755,203.57696,1561990155000,311
1756,203.56504999999999,1561990156000,110
1757,203.5665333333333,1561990157000,219
1758,203.56662857142854,1561990158000,820
1759,203.54992500000003,1561990159000,3621
1760,203.51857142857145,1561990160000,469
1761,203.51406250000016,1561990161000,2227
1762,203.51345999999998,1561990162000,507
1763,203.5126571428571,1561990163000,328
1764,203.5275027027027,1561990164000,2741
1765,203.54239444444445,1561990165000,4465
1766,203.54916666666668,1561990166000,837
1767,203.54119999999998,1561990167000,547
1768,203.5475909090909,1561990168000,1155
1769,203.5625,1561990169000,364
1770,203.55639999999997,1561990170000,930
1771,203.55259999999998,1561990171000,150
1772,203.54820000000007,1561990172000,2978
1773,203.5398636363636,1561990173000,701
1774,203.538475,1561990174000,443
1775,203.5397,1561990175000,8
1776,203.54115384615383,1561990176000,1151
1777,203.5303333333334,1561990177000,1734
1778,203.52994999999999,1561990178000,52
1779,203.526275,1561990179000,352
1780,203.5275,1561990180000,249
1781,203.5267,1561990181000,303
1782,203.5217,1561990182000,22
1783,203.52224999999999,1561990183000,116
1784,203.5242166666667,1561990184000,356
1785,203.52731250000002,1561990185000,2836
1786,203.52308333333335,1561990186000,516
1787,203.53412121212122,1561990187000,2927
1788,203.52939090909092,1561990188000,799
1789,203.54929629629643,1561990189000,1772
1790,203.54279166666666,1561990190000,1481
1791,203.53,1561990191000,100
1792,203.52126984127005,1561990192000,4797
1793,203.50936785714293,1561990193000,2240
1794,203.52040000000002,1561990194000,674
1795,203.52495,1561990195000,17
1796,203.52935428571433,1561990196000,9688
1797,203.56974375,1561990197000,2490
1798,203.58192,1561990198000,779
1799,203.5795238095238,1561990199000,1510
1800,203.57625,1561990200000,738
1801,203.57308571428572,1561990201000,289
1802,203.56307391304358,1561990202000,3334
1803,203.54789090909088,1561990203000,791
1804,203.55,1561990204000,1
1805,203.54706249999998,1561990205000,672
1806,203.5509222222222,1561990206000,2277
1807,203.55791666666664,1561990207000,1076
1808,203.5584,1561990208000,230
1809,203.57874999999999,1561990209000,957
1810,203.595,1561990210000,24
1811,203.596175,1561990211000,258
1812,203.58939999999998,1561990212000,1739
1813,203.58336666666665,1561990213000,343
1814,203.58,1561990214000,700
1815,203.57686250000003,1561990215000,1310
1816,203.56437450980394,1561990216000,4112
1817,203.56069166666666,1561990217000,901
1818,203.55479499999996,1561990218000,1705
1819,203.5660871794873,1561990219000,3650
1820,203.56060000000002,1561990220000,9007
1821,203.54116279069765,1561990221000,4232
1822,203.52439999999999,1561990222000,305
1823,203.52500000000006,1561990223000,2190
1824,203.50037575757568,1561990224000,2570
1825,203.4687033333334,1561990225000,2517
1826,203.4470487804877,1561990226000,3248
1827,203.44818181818184,1561990227000,833
1828,203.45927647058826,1561990228000,1035
1829,203.45893333333333,1561990229000,230
1830,203.45025,1561990230000,666
1831,203.44803333333334,1561990231000,56
1832,203.4825108108108,1561990232000,4471
1833,203.4856727272727,1561990233000,905
1834,203.4677111111111,1561990234000,1654
1835,203.48166666666665,1561990235000,718
1836,203.4908428571429,1561990236000,367
1837,203.47960416666658,1561990237000,4989
1838,203.49442222222223,1561990238000,1467
1839,203.49121428571428,1561990239000,373
1840,203.48837500000002,1561990240000,507
1841,203.49730769230771,1561990241000,745
1842,203.50000769230772,1561990242000,1356
1843,203.52150000000003,1561990243000,515
1844,203.50660000000002,1561990244000,1732
1845,203.49775,1561990245000,671
1846,203.498,1561990246000,257
1847,203.52147058823536,1561990247000,489
1848,203.54592727272723,1561990248000,748
1849,203.54090909090908,1561990249000,973
1850,203.54187499999998,1561990250000,327
1851,203.5408,1561990251000,220
1852,203.58977499999997,1561990252000,1169
1853,203.54282857142857,1561990253000,1047
1854,203.5323,1561990254000,3030
1855,203.52094594594604,1561990255000,2808
1856,203.4918,1561990256000,708
1857,203.48362000000003,1561990257000,439
1858,203.50126153846156,1561990258000,460
1859,203.5086,1561990259000,450
1860,203.49125,1561990260000,610
1861,203.48235714285718,1561990261000,679
1862,203.48914848484839,1561990262000,2090
1863,203.48345,1561990263000,300
1864,203.49592500000003,1561990264000,2305
1865,203.4857,1561990265000,500
1866,203.5214796296298,1561990266000,3573
1867,203.52214285714285,1561990267000,230
1868,203.51,1561990268000,35
1869,203.51,1561990269000,256
1870,203.51,1561990270000,1
1871,203.49416136363618,1561990271000,3781
1872,203.45611999999997,1561990272000,1428
1873,203.4587625,1561990273000,1396
1874,203.43636000000012,1561990274000,3573
1875,203.408125,1561990275000,712
1876,203.40685777777773,1561990276000,4595
1877,203.3932086956521,1561990277000,8191
1878,203.39,1561990278000,200
1879,203.38,1561990279000,200
1880,203.37974,1561990280000,515
1881,203.38316666666665,1561990281000,207
1882,203.37566666666666,1561990282000,1010
1883,203.378,1561990283000,219
1884,203.36919285714276,1561990284000,2355
1885,203.39739130434785,1561990285000,3747
1886,203.421,1561990286000,477
1887,203.415425,1561990287000,5500
1888,203.43334545454545,1561990288000,1312
1889,203.43347500000002,1561990289000,23411
1890,203.42472500000002,1561990290000,230
1891,203.4204157894737,1561990291000,1920
1892,203.41686666666666,1561990292000,70
1893,203.41666666666666,1561990293000,1600
1894,203.41642857142855,1561990294000,405
1895,203.43090000000004,1561990295000,558
1896,203.44431578947365,1561990296000,1199
1897,203.45942105263154,1561990297000,1913
1898,203.45236666666668,1561990298000,720
1899,203.44833333333335,1561990299000,435
1900,203.4501243243242,1561990300000,2273
1901,203.45166666666668,1561990301000,1699
1902,203.44077142857145,1561990302000,1039
1903,203.44,1561990303000,35
1904,203.4556615384615,1561990304000,740
1905,203.4608,1561990305000,1230
1906,203.4693333333333,1561990306000,1597
1907,203.46834,1561990307000,615
1908,203.4592,1561990308000,703
1909,203.47935,1561990309000,50
1910,203.46923076923073,1561990310000,5630
1911,203.4725,1561990311000,430
1912,203.47983333333335,1561990312000,888
1913,203.48640909090906,1561990313000,4683
1914,203.48,1561990314000,200
1915,203.4871212121211,1561990315000,7588
1916,203.4883,1561990316000,381
1917,203.51096666666677,1561990317000,1931
1918,203.51281999999998,1561990318000,182
1919,203.5051333333333,1561990319000,1433
1920,203.49773333333334,1561990320000,126
1921,203.4987625,1561990321000,484
1922,203.5,1561990322000,201
1923,203.4988571428571,1561990323000,2764
1924,203.48819444444425,1561990324000,3101
1925,203.49604285714284,1561990325000,1428
1926,203.49686842105265,1561990326000,2132
1927,203.5099,1561990327000,1
1928,203.51339130434786,1561990328000,2158
1929,203.51,1561990329000,600
1930,203.51173999999997,1561990330000,150
1931,203.5142,1561990331000,15
1932,203.5200272727273,1561990332000,1989
1933,203.5302428571429,1561990333000,961
1934,203.534225,1561990334000,278
1935,203.5190476190476,1561990335000,1812
1936,203.52,1561990336000,188
1937,203.52169999999998,1561990337000,582
1938,203.5206666666667,1561990338000,1210
1939,203.5030927272728,1561990339000,3667
1940,203.491935483871,1561990340000,2220
1941,203.51388461538457,1561990341000,691
1942,203.49615384615385,1561990342000,1621
1943,203.4718181818181,1561990343000,1764
1944,203.462,1561990344000,39
1945,203.47159032258068,1561990345000,2109
1946,203.45888333333335,1561990346000,313
1947,203.45678,1561990347000,394
1948,203.45333333333335,1561990348000,150
1949,203.45172999999988,1561990349000,2040
1950,203.44014705882353,1561990350000,981
1951,203.4373,1561990351000,60
1952,203.43973333333335,1561990352000,271
1953,203.4289153846154,1561990353000,1052
1954,203.42999999999998,1561990354000,108
1955,203.4443888888889,1561990355000,1349
1956,203.43545,1561990356000,1818
1957,203.42407666666668,1561990357000,47055
1958,203.48927500000002,1561990358000,1190
1959,203.39928571428578,1561990359000,1755
1960,203.38438333333337,1561990360000,1240
1961,203.38355714285717,1561990361000,2271
1962,203.38205,1561990362000,230
1963,203.38852941176464,1561990363000,2651
1964,203.39166666666662,1561990364000,669
1965,203.387,1561990365000,453
1966,203.38354999999999,1561990366000,2272
1967,203.38369999999998,1561990367000,240
1968,203.37973269230784,1561990368000,5221
1969,203.35625000000002,1561990369000,720
1970,203.36048,1561990370000,1034
1971,203.36874545454552,1561990371000,2573
1972,203.38459999999995,1561990372000,380
1973,203.3916,1561990373000,308
1974,203.3882,1561990374000,162
1975,203.40080999999986,1561990375000,2579
1976,203.39666666666668,1561990376000,1007
1977,203.40249,1561990377000,742
1978,203.40879999999996,1561990378000,1988
1979,203.39842342342337,1561990379000,15670
1980,203.372625,1561990380000,547
1981,203.37,1561990381000,100
1982,203.41965000000002,1561990382000,407
1983,203.36866799999996,1561990383000,702
1984,203.36953157894732,1561990384000,2645
1985,203.37201,1561990385000,1300
1986,203.38965999999996,1561990386000,1582
1987,203.404425,1561990387000,211
1988,203.39959999999996,1561990388000,2196
1989,203.41060000000002,1561990389000,735
1990,203.4001,1561990390000,3
1991,203.41102,1561990391000,496
1992,203.4153,1561990392000,107
1993,203.4175,1561990393000,300
1994,203.41698888888888,1561990394000,1239
1995,203.41830000000002,1561990395000,211
1996,203.4183923076923,1561990396000,1629
1997,203.41731999999996,1561990397000,845
1998,203.41750555555555,1561990398000,1587
1999,203.418,1561990399000,3281
2000,203.41334,1561990400000,175
2001,203.41563333333332,1561990401000,42
2002,203.40276164383536,1561990402000,6412
2003,203.3895388888888,1561990403000,740
2004,203.3939470588235,1561990404000,1098
2005,203.39944615384613,1561990405000,1613
2006,203.4083333333334,1561990406000,340
2007,203.42333333333346,1561990407000,4034
2008,203.44756410256397,1561990408000,1732
2009,203.46422727272727,1561990409000,999
2010,203.45666666666668,1561990410000,558
2011,203.43926153846152,1561990411000,1338
2012,203.4271,1561990412000,134
2013,203.425675,1561990413000,178
2014,203.41875000000002,1561990414000,635
2015,203.41877499999998,1561990415000,869
2016,203.41921666666667,1561990416000,951
2017,203.42,1561990417000,100
2018,203.4181818181818,1561990418000,2201
2019,203.41616666666664,1561990419000,867
2020,203.42,1561990420000,100
2021,203.41586875000002,1561990421000,1036
2022,203.4231,1561990422000,1010
2023,203.4102,1561990423000,20
2024,203.417,1561990424000,142
2025,203.41886666666662,1561990425000,579
2026,203.414,1561990426000,80
2027,203.39997027027022,1561990427000,5616
2028,203.34753076923093,1561990428000,3408
2029,203.3602421052633,1561990429000,4472
2030,203.35975833333336,1561990430000,1200
2031,203.37082499999994,1561990431000,950
2032,203.38,1561990432000,200
2033,203.37533333333332,1561990433000,265
2034,203.375,1561990434000,143
2035,203.3789473684211,1561990435000,1309
2036,203.40223124999997,1561990436000,1876
2037,203.3982272727273,1561990437000,919
2038,203.39235789473682,1561990438000,1965
2039,203.39747857142862,1561990439000,210
2040,203.37464042553194,1561990440000,2669
2041,203.3614285714286,1561990441000,53
2042,203.36001666666667,1561990442000,756
2043,203.36699999999993,1561990443000,2491
2044,203.3562416666667,1561990444000,1820
2045,203.35500000000002,1561990445000,160
2046,203.3565,1561990446000,355
2047,203.36083,1561990447000,764
2048,203.36525,1561990448000,243
2049,203.36,1561990449000,2
2050,203.36,1561990450000,300
2051,203.3572333333333,1561990451000,166
2052,203.36,1561990452000,50
2053,203.32243835616424,1561990453000,8257
2054,203.28035,1561990454000,310
2055,203.2816964285715,1561990455000,2529
2056,203.26999999999998,1561990456000,110
2057,203.27360000000022,1561990457000,3376
2058,203.2782952380953,1561990458000,799
2059,203.27707999999998,1561990459000,703
2060,203.2703541666667,1561990460000,2089
2061,203.26853333333332,1561990461000,203
2062,203.27584827586207,1561990462000,2611
2063,203.2825,1561990463000,210
2064,203.2731,1561990464000,2
2065,203.28152,1561990465000,1056
2066,203.27396666666664,1561990466000,2352
2067,203.28777777777773,1561990467000,3666
2068,203.27566,1561990468000,395
2069,203.28494999999998,1561990469000,76
2070,203.29065161290325,1561990470000,1420
2071,203.29918888888886,1561990471000,312
2072,203.3051583333333,1561990472000,534
2073,203.32,1561990473000,124
2074,203.32613333333336,1561990474000,180
2075,203.31254545454541,1561990475000,689
2076,203.33,1561990476000,10
2077,203.3207,1561990477000,173
2078,203.317,1561990478000,310
2079,203.3135,1561990479000,450
2080,203.3167,1561990480000,250
2081,203.33565357142862,1561990481000,5068
2082,203.34901999999994,1561990482000,2528
2083,203.3587916666667,1561990483000,1438
2084,203.38321428571436,1561990484000,2702
2085,203.39285,1561990485000,1939
2086,203.40595000000002,1561990486000,365
2087,203.3869,1561990487000,207
2088,203.39666666666668,1561990488000,225
2089,203.38569999999999,1561990489000,285
2090,203.3987,1561990490000,5
2091,203.3804,1561990491000,270
2092,203.3999,1561990492000,1
2093,203.40102857142853,1561990493000,3374
2094,203.40820000000002,1561990494000,111
2095,203.37838281250018,1561990495000,5415
2096,203.357275,1561990496000,285
2097,203.34645769230764,1561990497000,1213
2098,203.34497142857143,1561990498000,563
2099,203.33015833333332,1561990499000,727
2100,203.3159030303031,1561990500000,2220
2101,203.32557586206903,1561990501000,8222
2102,203.34395833333335,1561990502000,2569
2103,203.35,1561990503000,464
2104,203.32472962962964,1561990504000,3430
2105,203.3032,1561990505000,120
2106,203.3,1561990506000,1
2107,203.30210625000004,1561990507000,2136
2108,203.2804382352942,1561990508000,2037
2109,203.2602272727273,1561990509000,704
2110,203.255,1561990510000,102
2111,203.25176666666667,1561990511000,200
2112,203.25159166666666,1561990512000,1082
2113,203.26503499999998,1561990513000,5280
2114,203.2603333333333,1561990514000,282
2115,203.2624,1561990515000,400
2116,203.26923846153846,1561990516000,921
2117,203.27923846153848,1561990517000,650
2118,203.2974875,1561990518000,787
2119,203.29147058823534,1561990519000,1406
2120,203.27039166666665,1561990520000,1475
2121,203.2678,1561990521000,673
2122,203.26116,1561990522000,3750
2123,203.27474285714285,1561990523000,599
2124,203.27542857142856,1561990524000,512
2125,203.27645555555557,1561990525000,317
2126,203.2706,1561990526000,2
2127,203.276,1561990527000,77
2128,203.2779,1561990528000,400
2129,203.27665,1561990529000,1151
2130,203.2740000000001,1561990530000,1264
2131,203.25738035714286,1561990531000,5096
2132,203.23489772727254,1561990532000,3530
2133,203.24246666666667,1561990533000,500
2134,203.2263157894735,1561990534000,4703
2135,203.239204347826,1561990535000,1469
2136,203.2485375,1561990536000,1907
2137,203.24553333333333,1561990537000,580
2138,203.2392375,1561990538000,175
2139,203.23883888888886,1561990539000,1476
2140,203.22649999999996,1561990540000,400
2141,203.20903947368416,1561990541000,4948
2142,203.1664628571428,1561990542000,3382
2143,203.1649833333333,1561990543000,792
2144,203.1557631578948,1561990544000,4462
2145,203.16045454545457,1561990545000,1011
2146,203.1628,1561990546000,20
2147,203.16,1561990547000,444
2148,203.16271904761908,1561990548000,782
2149,203.16198,1561990549000,3620
2150,203.1831535714286,1561990550000,2467
2151,203.2077,1561990551000,58
2152,203.2105285714286,1561990552000,1446
2153,203.2138666666667,1561990553000,247
2154,203.20226,1561990554000,17
2155,203.19713333333334,1561990555000,4492
2156,203.18,1561990556000,418
2157,203.1710375,1561990557000,1274
2158,203.16,1561990558000,1
2159,203.15372222222223,1561990559000,636
2160,203.16814615384618,1561990560000,1103
2161,203.18310000000002,1561990561000,2310
2162,203.16570000000002,1561990562000,800
2163,203.17861666666667,1561990563000,469
2164,203.17375625000003,1561990564000,1293
2165,203.16793333333334,1561990565000,2488
2166,203.1730318181818,1561990566000,1893
2167,203.19250000000002,1561990567000,480
2168,203.2063,1561990568000,140
2169,203.21939999999998,1561990569000,831
2170,203.21866315789472,1561990570000,1605
2171,203.20609047619052,1561990571000,5823
2172,203.2101,1561990572000,900
2173,203.1904454545455,1561990573000,1109
2174,203.17,1561990574000,30
2175,203.18487500000003,1561990575000,1026
2176,203.17902000000004,1561990576000,4440
2177,203.17960909090914,1561990577000,393
2178,203.19335,1561990578000,1302
2179,203.1933333333333,1561990579000,320
2180,203.18625,1561990580000,14
2181,203.19687999999996,1561990581000,2066
2182,203.2075,1561990582000,100
2183,203.2059,1561990583000,5
2184,203.19721111111113,1561990584000,1211
2185,203.185,1561990585000,100
2186,203.18923,1561990586000,356
2187,203.195,1561990587000,163
2188,203.1956,1561990588000,218
2189,203.1911294117647,1561990589000,934
2190,203.19665,1561990590000,1764
2191,203.1944,1561990591000,2497
2192,203.1952,1561990592000,25
2193,203.19500000000002,1561990593000,241
2194,203.20152631578944,1561990594000,1600
2195,203.20635000000001,1561990595000,501
2196,203.19921666666667,1561990596000,434
2197,203.18947187499992,1561990597000,2512
2198,203.17873500000002,1561990598000,1495
2199,203.1783333333333,1561990599000,630
2200,203.17455416666667,1561990600000,3635
2201,203.175,1561990601000,10
2202,203.170025,1561990602000,67
2203,203.17700000000002,1561990603000,364
2204,203.18131111111114,1561990604000,878
2205,203.18495000000001,1561990605000,76
2206,203.17733333333337,1561990606000,1820
2207,203.17985652173905,1561990607000,1937
2208,203.1798193548388,1561990608000,3324
2209,203.15590909090903,1561990609000,2627
2210,203.15400000000002,1561990610000,2281
2211,203.18475999999998,1561990611000,3159
2212,203.16736842105266,1561990612000,5204
2213,203.15,1561990613000,100
2214,203.1491,1561990614000,294
2215,203.1483333333333,1561990615000,737
2216,203.16646470588233,1561990616000,3328
2217,203.124241304348,1561990617000,12596
2218,203.09332083333337,1561990618000,1634
2219,203.08945555555553,1561990619000,455
2220,203.10294285714284,1561990620000,730
2221,203.0951,1561990621000,1
2222,203.11122500000002,1561990622000,757
2223,203.10312499999998,1561990623000,224
2224,203.1179,1561990624000,707
2225,203.09184210526317,1561990625000,1050
2226,203.09839090909088,1561990626000,862
2227,203.1015,1561990627000,756
2228,203.08689999999999,1561990628000,202
2229,203.0801,1561990629000,20
2230,203.10560000000004,1561990630000,427
2231,203.0993727272728,1561990631000,3534
2232,203.09402,1561990632000,601
2233,203.09999999999994,1561990633000,790
2234,203.102,1561990634000,783
2235,203.1039,1561990635000,3501
2236,203.0988888888889,1561990636000,2000
2237,203.10089999999994,1561990637000,1464
2238,203.09355,1561990638000,37
2239,203.0978,1561990639000,344
2240,203.10500000000002,1561990640000,655
2241,203.1,1561990641000,210
2242,203.10273181818175,1561990642000,2377
2243,203.11333333333332,1561990643000,773
2244,203.12017,1561990644000,1642
2245,203.14585526315784,1561990645000,3221
2246,203.17376249999998,1561990646000,768
2247,203.159755,1561990647000,1336
2248,203.1657142857143,1561990648000,505
2249,203.14884615384622,1561990649000,2397
2250,203.14086,1561990650000,197
2251,203.13490000000002,1561990651000,272
2252,203.13336666666666,1561990652000,72
2253,203.14475,1561990653000,200
2254,203.15750000000006,1561990654000,1901
2255,203.16221249999998,1561990655000,617
2256,203.1594,1561990656000,337
2257,203.1653,1561990657000,44
2258,203.155,1561990658000,184
2259,203.15069999999997,1561990659000,204
2260,203.15914,1561990660000,4100
2261,203.15356666666665,1561990661000,1076
2262,203.14993333333334,1561990662000,500
2263,203.14505,1561990663000,36
2264,203.16,1561990664000,400
2265,203.16468750000004,1561990665000,1096
2266,203.15500000000006,1561990666000,710
2267,203.15000000000006,1561990667000,1013
2268,203.15868333333333,1561990668000,366
2269,203.1623,1561990669000,118
2270,203.1683166666667,1561990670000,900
2271,203.1736,1561990671000,212
2272,203.18931250000003,1561990672000,1802
2273,203.21087142857132,1561990673000,5299
2274,203.22,1561990674000,727
2275,203.20434736842103,1561990675000,1700
2276,203.1949,1561990676000,1245
2277,203.1906285714286,1561990677000,811
2278,203.18689999999998,1561990678000,173
2279,203.1983454545455,1561990679000,1296
2280,203.2,1561990680000,36
2281,203.19869999999997,1561990681000,200
2282,203.18235,1561990682000,2716
2283,203.15232272727278,1561990683000,1697
2284,203.1284,1561990684000,10
2285,203.125,1561990685000,45
2286,203.1245285714286,1561990686000,1567
2287,203.12951666666666,1561990687000,1266
2288,203.13,1561990688000,1
2289,203.12475999999998,1561990689000,637
2290,203.11478571428577,1561990690000,1134
2291,203.1032,1561990691000,157
2292,203.11066666666665,1561990692000,589
2293,203.11600000000004,1561990693000,606
2294,203.11935,1561990694000,15
2295,203.12800000000001,1561990695000,951
2296,203.1325,1561990696000,200
2297,203.11119047619053,1561990697000,1328
2298,203.11951000000005,1561990698000,1302
2299,203.1081,1561990699000,711
2300,203.11783333333332,1561990700000,1771
2301,203.11712500000002,1561990701000,131
2302,203.12138,1561990702000,777
2303,203.12,1561990703000,25
2304,203.13922666666662,1561990704000,2439
2305,203.1317,1561990705000,110
2306,203.14,1561990706000,300
2307,203.13908181818186,1561990707000,747
2308,203.12505,1561990708000,150
2309,203.13256,1561990709000,223
2310,203.13549999999995,1561990710000,549
2311,203.1429272727273,1561990711000,1472
2312,203.14333333333332,1561990712000,168
2313,203.14,1561990713000,168
2314,203.144,1561990714000,61
2315,203.15013636363645,1561990715000,1141
2316,203.15090909090912,1561990716000,941
2317,203.14499999999995,1561990717000,1230
2318,203.14356551724143,1561990718000,2021
2319,203.13269615384613,1561990719000,2200
2320,203.114375,1561990720000,2648
2321,203.11692857142847,1561990721000,2216
2322,203.1343777777778,1561990722000,704
2323,203.1225,1561990723000,1455
2324,203.12,1561990724000,29
2325,203.13,1561990725000,100
2326,203.13826666666668,1561990726000,144
2327,203.14212000000003,1561990727000,1061
2328,203.13208999999998,1561990728000,392
2329,203.14497999999998,1561990729000,801
2330,203.135775,1561990730000,379
2331,203.1301,1561990731000,10
2332,203.13066666666674,1561990732000,1302
2333,203.1235,1561990733000,1245
2334,203.11999999999992,1561990734000,2200
2335,203.11942857142859,1561990735000,1158
2336,203.15854,1561990736000,2611
2337,203.13043478260875,1561990737000,1487
2338,203.13495,1561990738000,400
2339,203.1476277777778,1561990739000,990
2340,203.13881999999998,1561990740000,539
2341,203.1396,1561990741000,601
2342,203.13004999999998,1561990742000,67
2343,203.13487272727272,1561990743000,308
2344,203.14650571428587,1561990744000,2393
2345,203.14128,1561990745000,1333
2346,203.13833333333335,1561990746000,1074
2347,203.1124,1561990747000,6726
2348,203.0874880952381,1561990748000,7294
2349,203.0453238095241,1561990749000,4954
2350,203.04776818181827,1561990750000,2022
2351,203.0532962962963,1561990751000,2834
2352,203.05,1561990752000,143
2353,203.05,1561990753000,6
2354,203.05065714285712,1561990754000,680
2355,203.043,1561990755000,753
2356,203.04085,1561990756000,529
2357,203.030944117647,1561990757000,6114
2358,203.04906875000003,1561990758000,991
2359,203.04548717948722,1561990759000,6663
2360,203.05214285714288,1561990760000,802
2361,203.04506,1561990761000,327
2362,203.0403846153846,1561990762000,1083
2363,203.02980499999993,1561990763000,3641
2364,203.0302090909091,1561990764000,646
2365,203.03,1561990765000,259
2366,203.035,1561990766000,168
2367,203.02,1561990767000,100
2368,203.02420909090912,1561990768000,1358
2369,203.0199,1561990769000,23
2370,203.0205,1561990770000,2105
2371,202.97595719696955,1561990771000,26903
2372,202.96772571428562,1561990772000,3327
2373,202.96773999999994,1561990773000,8320
2374,202.99500408163266,1561990774000,3278
2375,202.98803999999996,1561990775000,3850
2376,202.985575,1561990776000,1073
2377,203.0035,1561990777000,350
2378,203.011426923077,1561990778000,1661
2379,203.032825,1561990779000,1914
2380,203.03657499999997,1561990780000,475
2381,203.0272375,1561990781000,634
2382,203.04766153846157,1561990782000,704
2383,203.0592187500001,1561990783000,1377
2384,203.06,1561990784000,100
2385,203.05384615384617,1561990785000,707
2386,203.05,1561990786000,100
2387,203.06320000000002,1561990787000,1240
2388,203.08168999999998,1561990788000,1445
2389,203.0871,1561990789000,600
2390,203.09124999999997,1561990790000,410
2391,203.10213,1561990791000,1652
2392,203.10057999999998,1561990792000,1430
2393,203.08704827586206,1561990793000,9279
2394,203.05597999999998,1561990794000,625
2395,203.05728,1561990795000,410
2396,203.05166666666665,1561990796000,400
2397,203.04402,1561990797000,186
2398,203.04736666666668,1561990798000,350
2399,203.04886666666664,1561990799000,405
2400,203.0391157894737,1561990800000,858
2401,203.03166666666667,1561990801000,759
2402,203.02355652173924,1561990802000,4811
2403,203.013805,1561990803000,4020
2404,202.997696,1561990804000,5505
2405,202.96462941176472,1561990805000,1071
2406,202.96261481481483,1561990806000,2953
2407,202.9713571428571,1561990807000,2338
2408,202.98277222222214,1561990808000,1728
2409,203.0051388888889,1561990809000,3431
2410,203.01723846153848,1561990810000,680
2411,203.0112333333333,1561990811000,1115
2412,203.0025,1561990812000,400
2413,203.02475714285725,1561990813000,1621
2414,203.02953636363637,1561990814000,1934
2415,203.04013333333333,1561990815000,2136
2416,203.04068571428573,1561990816000,1104
2417,203.04572777777778,1561990817000,1240
2418,203.0463,1561990818000,170
2419,203.05024285714285,1561990819000,366
2420,203.0399902439024,1561990820000,3666
2421,203.02210714285715,1561990821000,2678
2422,203.020475,1561990822000,420
2423,203.04221428571432,1561990823000,787
2424,203.055,1561990824000,171
2425,203.05311249999997,1561990825000,1106
2426,203.05105,1561990826000,125
2427,203.04951999999997,1561990827000,225
2428,203.055756,1561990828000,1652
2429,203.045025,1561990829000,355
2430,203.06221111111108,1561990830000,940
2431,203.0681,1561990831000,100
2432,203.07996666666665,1561990832000,680
2433,203.0684750000001,1561990833000,2620
2434,203.070925,1561990834000,1000
2435,203.0698,1561990835000,524
2436,203.0699,1561990836000,16
2437,203.06763333333333,1561990837000,186
2438,203.06644999999997,1561990838000,9
2439,203.07090000000002,1561990839000,451
2440,203.05107692307706,1561990840000,5420
2441,203.02249999999998,1561990841000,144
2442,203.0309,1561990842000,272
2443,203.0227583333333,1561990843000,742
2444,203.03333333333333,1561990844000,29
2445,203.035,1561990845000,176
2446,203.0293,1561990846000,10
2447,203.03322,1561990847000,350
2448,203.03539999999998,1561990848000,125
2449,203.02328750000004,1561990849000,2973
2450,203.02480769230775,1561990850000,2481
2451,203.01505,1561990851000,51
2452,203.01,1561990852000,77
2453,203.02597999999998,1561990853000,303
2454,203.0201,1561990854000,1
2455,203.0215875,1561990855000,805
2456,203.03132499999995,1561990856000,1867
2457,203.04325,1561990857000,8
2458,203.04125,1561990858000,800
2459,203.04705882352945,1561990859000,1100
2460,203.05999999999997,1561990860000,509
2461,203.06035,1561990861000,661
2462,203.0679,1561990862000,1485
2463,203.0658,1561990863000,200
2464,203.06114705882365,1561990864000,4053
2465,203.05527142857144,1561990865000,367
2466,203.05580277777787,1561990866000,2347
2467,203.06642352941174,1561990867000,1580
2468,203.06166666666664,1561990868000,1124
2469,203.06302499999998,1561990869000,1733
2470,203.0370346153847,1561990870000,2209
2471,203.02775,1561990871000,450
2472,203.025,1561990872000,941
2473,203.02573333333336,1561990873000,2761
2474,203.00712127659577,1561990874000,4830
2475,202.95391521739128,1561990875000,4507
2476,202.91415384615377,1561990876000,2538
2477,202.8696952380951,1561990877000,15235
2478,202.84514042553204,1561990878000,2870
2479,202.85522999999992,1561990879000,3681
2480,202.85582222222217,1561990880000,668
2481,202.8535269230769,1561990881000,1581
2482,202.86270000000002,1561990882000,251
2483,202.86543999999995,1561990883000,1134
2484,202.87211250000001,1561990884000,792
2485,202.89919999999998,1561990885000,1568
2486,202.91056,1561990886000,944
2487,202.93046764705875,1561990887000,2278
2488,202.92241428571427,1561990888000,528
2489,202.917525,1561990889000,324
2490,202.90668846153847,1561990890000,1384
2491,202.9023,1561990891000,150
2492,202.91,1561990892000,135
2493,202.91,1561990893000,110
2494,202.89946875,1561990894000,1692
2495,202.8854,1561990895000,321
2496,202.8800222222222,1561990896000,505
2497,202.88365,1561990897000,103
2498,202.86864615384619,1561990898000,2989
2499,202.88582105263157,1561990899000,1617
2500,202.8893,1561990900000,4000
2501,202.87006000000002,1561990901000,1186
2502,202.85967500000004,1561990902000,1950
2503,202.84499999999997,1561990903000,852
2504,202.83369444444446,1561990904000,1858
2505,202.83361666666667,1561990905000,465
2506,202.82294761904762,1561990906000,1698
2507,202.79850877193002,1561990907000,8748
2508,202.79055,1561990908000,618
2509,202.78768461538462,1561990909000,1387
2510,202.79162307692312,1561990910000,2673
2511,202.80504285714284,1561990911000,351
2512,202.82713333333334,1561990912000,315
2513,202.8200333333333,1561990913000,205
2514,202.83799999999997,1561990914000,500
2515,202.85075555555557,1561990915000,647
